@article{der2009aleatory,
  title={Aleatory or epistemic? Does it matter?},
  author={Der Kiureghian, Armen and Ditlevsen, Ove},
  journal={Structural safety},
  volume={31},
  number={2},
  pages={105--112},
  year={2009},
  publisher={Elsevier}
}

@article{hora1996aleatory,
  title={Aleatory and epistemic uncertainty in probability elicitation with an example from hazardous waste management},
  author={Hora, Stephen C},
  journal={Reliability Engineering \& System Safety},
  volume={54},
  number={2-3},
  pages={217--223},
  year={1996},
  publisher={Elsevier}
}

@article{schaaf2015mcd43a4,
	title={MCD43A4 MODIS/Terra+ Aqua BRDF/Albedo Nadir BRDF Adjusted Ref Daily L3 Global-500m V006. NASA EOSDIS Land Processes DAAC},
	author={Schaaf, C and Wang, Z},
	journal={USGS Earth Resources Observation and Science (EROS) Center, Sioux Falls, South Dakota (https://lpdaac. usgs. gov)},
	year={2015}
}

@book{demmel1997applied,
	title={Applied numerical linear algebra},
	author={Demmel, James W},
	year={1997},
	publisher={SIAM}
}
@article{wilson2015thoughts,
	title={Thoughts on massively scalable Gaussian processes},
	author={Wilson, Andrew Gordon and Dann, Christoph and Nickisch, Hannes},
	journal={arXiv preprint arXiv:1511.01870},
	year={2015}
}

@inproceedings{bach2013sharp,
	title={Sharp analysis of low-rank kernel matrix approximations},
	author={Bach, Francis},
	booktitle={Conference on Learning Theory},
	pages={185--209},
	year={2013},
	organization={PMLR}
}

@article{dong2017scalable,
	title={Scalable log determinants for Gaussian process kernel learning},
	author={Dong, Kun and Eriksson, David and Nickisch, Hannes and Bindel, David and Wilson, Andrew G},
	journal={Advances in Neural Information Processing Systems},
	volume={30},
	year={2017}
}

@inproceedings{cunningham2008fast,
	title={Fast Gaussian process methods for point process intensity estimation},
	author={Cunningham, John P and Shenoy, Krishna V and Sahani, Maneesh},
	booktitle={Proceedings of the 25th international conference on Machine learning},
	pages={192--199},
	year={2008}
}

@article{gardner2018gpytorch,
	title={Gpytorch: Blackbox matrix-matrix gaussian process inference with gpu acceleration},
	author={Gardner, Jacob and Pleiss, Geoff and Weinberger, Kilian Q and Bindel, David and Wilson, Andrew G},
	journal={Advances in neural information processing systems},
	volume={31},
	year={2018}
}

@inproceedings{krishnamoorthy2013matrix,
	title={Matrix inversion using Cholesky decomposition},
	author={Krishnamoorthy, Aravindh and Menon, Deepak},
	booktitle={2013 signal processing: Algorithms, architectures, arrangements, and applications (SPA)},
	pages={70--72},
	year={2013},
	organization={IEEE}
}

@book{williams2006gaussian,
	title={Gaussian processes for machine learning},
	author={Williams, Christopher K and Rasmussen, Carl Edward},
	volume={2},
	number={3},
	year={2006},
	publisher={MIT press Cambridge, MA}
}

@inproceedings{rasmussen2003gaussian,
	title={Gaussian processes in machine learning},
	author={Rasmussen, Carl Edward},
	booktitle={Summer school on machine learning},
	pages={63--71},
	year={2003},
	organization={Springer}
}
@dataset{francis_alistair_2020_4172871,
	author       = {Francis, Alistair and
	Mrziglod, John and
	Sidiropoulos, Panagiotis and
	Muller, Jan-Peter},
	title        = {Sentinel-2 Cloud Mask Catalogue},
	month        = nov,
	year         = 2020,
	publisher    = {Zenodo},
	doi          = {10.5281/zenodo.4172871},
	url          = {https://doi.org/10.5281/zenodo.4172871}
}
@inproceedings{wilson2016deep,
	title={Deep kernel learning},
	author={Wilson, Andrew Gordon and Hu, Zhiting and Salakhutdinov, Ruslan and Xing, Eric P},
	booktitle={Artificial intelligence and statistics},
	pages={370--378},
	year={2016},
	organization={PMLR}
}
@article{tarrio2020comparison,
	title={Comparison of cloud detection algorithms for Sentinel-2 imagery},
	author={Tarrio, Katelyn and Tang, Xiaojing and Masek, Jeffrey G and Claverie, Martin and Ju, Junchang and Qiu, Shi and Zhu, Zhe and Woodcock, Curtis E},
	journal={Science of Remote Sensing},
	volume={2},
	pages={100010},
	year={2020},
	publisher={Elsevier}
}
@article{frantz2019force,
	title={FORCE—Landsat+ Sentinel-2 analysis ready data and beyond},
	author={Frantz, David},
	journal={Remote Sensing},
	volume={11},
	number={9},
	pages={1124},
	year={2019},
	publisher={Multidisciplinary Digital Publishing Institute}
}
@misc{jan_wevers_2021_5788067,
	author       = {Jan Wevers and
	Dagmar Müller and
	Jorrit Scholze and
	Grit Kirches and
	Ralf Quast and
	Carsten Brockmann},
	title        = {{IdePix for Sentinel-2 MSI Algorithm Theoretical 
	Basis Document}},
	month        = dec,
	year         = 2021,
	publisher    = {Zenodo},
	version      = {Version 1.0},
	doi          = {10.5281/zenodo.5788067},
	url          = {https://doi.org/10.5281/zenodo.5788067}
}
@article{richter2019atmospheric,
	title={Atmospheric and topographic correction (ATCOR theoretical background document)},
	author={Richter, R and Schl{\"a}pfer, D},
	journal={DLR IB},
	pages={564--03},
	year={2019}
}
@article{winker2010calipso,
	title={The CALIPSO mission: A global 3D view of aerosols and clouds},
	author={Winker, DM and Pelon, Jacques and Coakley Jr, JA and Ackerman, SA and Charlson, RJ and Colarco, PR and Flamant, Pierre and Fu, Qinjun and Hoff, RM and Kittaka, C and others},
	journal={Bulletin of the American Meteorological Society},
	volume={91},
	number={9},
	pages={1211--1230},
	year={2010},
	publisher={American Meteorological Society}
}
@article{sassen2008classifying,
	title={Classifying clouds around the globe with the CloudSat radar: 1-year of results},
	author={Sassen, Kenneth and Wang, Zhien},
	journal={Geophysical research letters},
	volume={35},
	number={4},
	year={2008},
	publisher={Wiley Online Library}
}
@article{skakun2022cloud,
	title={Cloud Mask Intercomparison eXercise (CMIX): An evaluation of cloud masking algorithms for Landsat 8 and Sentinel-2},
	author={Skakun, Sergii and Wevers, Jan and Brockmann, Carsten and Doxani, Georgia and Aleksandrov, Matej and Bati{\v{c}}, Matej and Frantz, David and Gascon, Ferran and G{\'o}mez-Chova, Luis and Hagolle, Olivier and others},
	journal={Remote Sensing of Environment},
	volume={274},
	pages={112990},
	year={2022},
	publisher={Elsevier}
}








@article{MateoGarciaISPRS20,
	author = {Gonzalo Mateo-Garc{\'i}a and Valero Laparra and Dan L{\'o}pez-Puigdollers and Luis G{\'o}mez-Chova},
	title = {{Transferring deep learning models for cloud detection between Landsat-8 and Proba-V}},
	journal = {{ISPRS Journal of Photogrammetry and Remote Sensing}},
	volume = {160},
	pages = {1-17},
	year = {2020},
	issn = {0924-2716},
	doi = {10.1016/j.isprsjprs.2019.11.024},
	note = {(DOI:\href{https://doi.org/10.1016/j.isprsjprs.2019.11.024}{10.1016/j.isprsjprs.2019.11.024})},
}

@ARTICLE{MateoGarciaJSTARS21,
	author={G. {Mateo-Garc{\'i}a} and V. {Laparra} and D. {L{\'o}pez-Puigdollers} and L. {G{\'o}mez-Chova}},
	journal={IEEE Journal of Selected Topics in Applied Earth Observations and Remote Sensing}, 
	title={{Cross-Sensor Adversarial Domain Adaptation of Landsat-8 and Proba-V Images for Cloud Detection}}, 
	year={2021},
	volume={14},
	number={},
	pages={747-761},
	doi={10.1109/JSTARS.2020.3031741}}

@article{FernandezMoranPHOTO21,
	title = {{Towards a novel approach for Sentinel-3 synergistic OLCI/SLSTR cloud and cloud shadow detection based on stereo cloud-top height estimation}},
	author = {Fernandez-Moran, Roberto and G{\'o}mez-Chova, Luis and Alonso, Luis and Mateo-Garc{\'i}a, Gonzalo and L{\'o}pez-Puigdollers, Dan},
	journal = {ISPRS Journal of Photogrammetry and Remote Sensing},
	volume = {181},
	pages = {238-253},
	year = {2021},
	issn = {0924-2716},
	doi = {https://doi.org/10.1016/j.isprsjprs.2021.09.013},
}

@article{CMIXRSE22,
	author = {Skakun, Sergii and Wevers, Jan and Brockmann, Carsten and Doxani, Georgia and Aleksandrov, Matej and Batič, Matej and Frantz, David and Gascon, Ferran and Gómez-Chova, Luis and Hagolle, Olivier and López-Puigdollers, Dan and Louis, Jérôme and Lubej, Matic and Mateo-García, Gonzalo and Osman, Julien and Peressutti, Devis and Pflug, Bringfried and Puc, Jernej and Richter, Rudolf and Roger, Jean-Claude and Scaramuzza, Pat and Vermote, Eric and Vesel, Nejc and Zupanc, Anže and Žust, Lojze},
	title = {{Cloud Mask Intercomparison eXercise (CMIX): An evaluation of cloud masking algorithms for Landsat 8 and Sentinel-2}},
	journal = {Remote Sensing of Environment},
	volume = {},
	pages = {In press},
	month={},
	year = {2022},
	issn = {0034-4257},
	doi = {10.1016/j.rse.2022.112990},
}


@article{dirk2021,
	title = {{Investigating ESA Sentinel-2 products' systematic cloud cover overestimation in very high altitude areas}},
	author = {Tiede, Dirk and Sudmanns, Martin and Augustin, Hannah and Baraldi, Andrea},
	journal = {Remote Sensing of Environment},
	volume = {252},
	pages = {112163},
	year = {2021},
	issn = {0034-4257},
	doi = {10.1016/j.rse.2020.112163},
}

@article{Saleh2021,
	author = {Saleh, Ali K. and Al-Anzi, Bader S.},
	doi = {10.3390/w13081078},
	file = {:home/csaybar/.local/share/data/Mendeley Ltd./Mendeley Desktop/Downloaded/Saleh, Al-Anzi - 2021 - Statistical validation of modis-based sea surface temperature in shallow semi-enclosed marginal sea A comparison.pdf:pdf},
	isbn = {9652498912},
	issn = {20734441},
	journal = {Water (Switzerland)},
	keywords = {Calibration,Extended triple collocation,MODIS,SST,Statistical validation},
	number = {8},
	title = {{Statistical validation of modis-based sea surface temperature in shallow semi-enclosed marginal sea: A comparison between direct matchup and triple collocation}},
	volume = {13},
	year = {2021}
}

@article{Wu2019,
	author = {Wu, Xiaodan and Xiao, Qing and Wen, Jianguang and You, Dongqin},
	doi = {10.1029/2018JD029937},
	file = {:home/csaybar/.local/share/data/Mendeley Ltd./Mendeley Desktop/Downloaded/Wu et al. - 2019 - Direct Comparison and Triple Collocation Which Is More Reliable in the Validation of Coarse-Scale Satellite Surface A.pdf:pdf},
	issn = {21698996},
	journal = {Journal of Geophysical Research: Atmospheres},
	keywords = {ETC,Validation,albedo,heterogeneity,representativeness errors,spatial scale},
	number = {10},
	pages = {5198--5213},
	title = {{Direct Comparison and Triple Collocation: Which Is More Reliable in the Validation of Coarse-Scale Satellite Surface Albedo Products}},
	volume = {124},
	year = {2019}
}

@article{Reichstein2019,
	author = {Reichstein, Markus and Camps-Valls, Gustau and Stevens, Bjorn and Jung, Martin and Denzler, Joachim and Carvalhais, Nuno and Prabhat},
	doi = {10.1038/s41586-019-0912-1},
	file = {:home/csaybar/.local/share/data/Mendeley Ltd./Mendeley Desktop/Downloaded/Reichstein et al. - 2019 - Deep learning and process understanding for data-driven Earth system science.pdf:pdf},
	issn = {14764687},
	journal = {Nature},
	number = {7743},
	pages = {195--204},
	pmid = {30760912},
	publisher = {Springer US},
	title = {{Deep learning and process understanding for data-driven Earth system science}},
	url = {http://dx.doi.org/10.1038/s41586-019-0912-1},
	volume = {566},
	year = {2019}
}

@article{Jeppesen2019b,
	author = {Jeppesen, Jacob H{\o}xbroe and Jacobsen, Rune Hylsberg and Inceoglu, Fadil and Toftegaard, Thomas Skj{\o}deberg},
	doi = {10.1016/j.rse.2019.03.039},
	file = {:home/csaybar/.local/share/data/Mendeley Ltd./Mendeley Desktop/Downloaded/Jeppesen et al. - 2019 - A cloud detection algorithm for satellite imagery based on deep learning(2).pdf:pdf},
	issn = {00344257},
	journal = {Remote Sensing of Environment},
	keywords = {Cloud detection,Deep learning,Open data,Optical satellite imagery},
	number = {March},
	pages = {247--259},
	publisher = {Elsevier},
	title = {{A cloud detection algorithm for satellite imagery based on deep learning}},
	url = {https://doi.org/10.1016/j.rse.2019.03.039},
	volume = {229},
	year = {2019}
}

@article{Cirolamo1997,
	author = {Cirolamo, Larry Di and Davies, Roger},
	file = {:home/csaybar/.local/share/data/Mendeley Ltd./Mendeley Desktop/Downloaded/Cirolamo, Davies - 1997 - Cloud fraction errors caused by finite resolution of Arizona , of Atmospheric Physics , Wielicki and The probl.pdf:pdf},
	keywords = {http://dx.doi.org/10.1029/96JD02663, doi:10.1029/9},
	pages = {1739--1756},
	title = {{Cloud fraction errors caused by finite resolution of Arizona , of Atmospheric Physics , Wielicki and The problem can be coarsely broken}},
	volume = {102},
	year = {1997}
}

@article{Mendez,
	author = {Mendez, Andrew and Sarmonikas, George},
	file = {:home/csaybar/.local/share/data/Mendeley Ltd./Mendeley Desktop/Downloaded/Mendez, Sarmonikas - Unknown - Meta-Learning for Instance Segmentation on Satellite Imagery.pdf:pdf},
	title = {{Meta-Learning for Instance Segmentation on Satellite Imagery}}
}

@article{Zhu2017,
	author = {Zhu, Xiao Xiang and Tuia, Devis and Mou, Lichao and Xia, Gui Song and Zhang, Liangpei and Xu, Feng and Fraundorfer, Friedrich},
	doi = {10.1109/MGRS.2017.2762307},
	file = {:home/csaybar/.local/share/data/Mendeley Ltd./Mendeley Desktop/Downloaded/Zhu et al. - 2017 - Deep Learning in Remote Sensing A Comprehensive Review and List of Resources.pdf:pdf},
	issn = {21686831},
	journal = {IEEE Geoscience and Remote Sensing Magazine},
	number = {4},
	pages = {8--36},
	title = {{Deep Learning in Remote Sensing: A Comprehensive Review and List of Resources}},
	volume = {5},
	year = {2017}
}

@article{Sohn2020,
	archivePrefix = {arXiv},
	arxivId = {2001.07685},
	author = {Sohn, Kihyuk and Berthelot, David and Li, Chun Liang and Zhang, Zizhao and Carlini, Nicholas and Cubuk, Ekin D. and Kurakin, Alex and Zhang, Han and Raffel, Colin},
	eprint = {2001.07685},
	file = {:home/csaybar/.local/share/data/Mendeley Ltd./Mendeley Desktop/Downloaded/Sohn et al. - 2020 - FixMatch Simplifying semi-supervised learning with consistency and confidence.pdf:pdf},
	issn = {23318422},
	journal = {arXiv},
	number = {NeurIPS},
	title = {{FixMatch: Simplifying semi-supervised learning with consistency and confidence}},
	year = {2020}
}

@article{Sanchez2020,
	author = {Sanchez, Alber Hamersson and Picoli, Michelle Cristina A. and Camara, Gilberto and Andrade, Pedro R. and Chaves, Michel Eustaquio D. and Lechler, Sarah and Soares, Anderson R. and Marujo, Rennan F. B. and Sim{\~{o}}es, Rolf Ezequiel O. and Ferreira, Karine R. and Queiroz, Gilberto R.},
	doi = {10.3390/rs12081284},
	file = {:home/csaybar/.local/share/data/Mendeley Ltd./Mendeley Desktop/Downloaded/Sanchez et al. - 2020 - Comparison of Cloud Cover Detection Algorithms on Sentinel–2 Images of the Amazon Tropical Forest.pdf:pdf},
	issn = {20724292},
	journal = {Remote Sensing},
	keywords = {2,amazon forest,clouds,fmask,maja,remote sensing,s2cloudless,sen2cor,sentinel},
	number = {8},
	pages = {1284},
	title = {{Comparison of Cloud Cover Detection Algorithms on Sentinel–2 Images of the Amazon Tropical Forest}},
	volume = {12},
	year = {2020}
}
@article{Roberts2017,
	author = {Roberts, David R. and Bahn, Volker and Ciuti, Simone and Boyce, Mark S. and Elith, Jane and Guillera-Arroita, Gurutzeta and Hauenstein, Severin and Lahoz-Monfort, Jos{\'{e}} J. and Schr{\"{o}}der, Boris and Thuiller, Wilfried and Warton, David I. and Wintle, Brendan A. and Hartig, Florian and Dormann, Carsten F.},
	doi = {10.1111/ecog.02881},
	file = {:home/csaybar/.local/share/data/Mendeley Ltd./Mendeley Desktop/Downloaded/Roberts et al. - 2017 - Cross-validation strategies for data with temporal, spatial, hierarchical, or phylogenetic structure.pdf:pdf},
	issn = {16000587},
	journal = {Ecography},
	number = {8},
	pages = {913--929},
	title = {{Cross-validation strategies for data with temporal, spatial, hierarchical, or phylogenetic structure}},
	volume = {40},
	year = {2017}
}
@article{Ohri2021,
	author = {Ohri, Kriti and Kumar, Mukesh},
	doi = {10.1016/j.knosys.2021.107090},
	file = {:home/csaybar/.local/share/data/Mendeley Ltd./Mendeley Desktop/Downloaded/Ohri, Kumar - 2021 - Review on self-supervised image recognition using deep neural networks.pdf:pdf},
	issn = {0950-7051},
	journal = {Knowledge-Based Systems},
	keywords = {self-supervised learning,semi-supervised learning,unsupervised learning},
	pages = {107090},
	publisher = {Elsevier B.V.},
	title = {{Review on self-supervised image recognition using deep neural networks}},
	url = {https://doi.org/10.1016/j.knosys.2021.107090},
	volume = {224},
	year = {2021}
}
@article{Chen2019,
	archivePrefix = {arXiv},
	arxivId = {1904.04232},
	author = {Chen, Wei Yu and Wang, Yu Chiang Frank and Liu, Yen Cheng and Kira, Zsolt and Huang, Jia Bin},
	eprint = {1904.04232},
	file = {:home/csaybar/.local/share/data/Mendeley Ltd./Mendeley Desktop/Downloaded/Chen et al. - 2019 - A closer look at few-shot classification.pdf:pdf},
	journal = {7th International Conference on Learning Representations, ICLR 2019},
	number = {2018},
	pages = {1--17},
	title = {{A closer look at few-shot classification}},
	year = {2019}
}
@article{Hata2022,
	archivePrefix = {arXiv},
	arxivId = {2102.05230},
	author = {Hata, Hideaki and Novielli, Nicole and Baltes, Sebastian and Kula, Raula Gaikovina and Treude, Christoph},
	doi = {10.1007/s10664-021-10058-6},
	eprint = {2102.05230},
	file = {:home/csaybar/Downloads/Hata2021_Article_GitHubDiscussionsAnExploratory.pdf:pdf},
	issn = {15737616},
	journal = {Empirical Software Engineering},
	keywords = {Communications,Empirical study,Exploratory study,GitHub discussions,Sentiment},
	number = {1},
	publisher = {Empirical Software Engineering},
	title = {{GitHub Discussions: An exploratory study of early adoption}},
	volume = {27},
	year = {2022}
}
@article{Xia2017,
	archivePrefix = {arXiv},
	arxivId = {1711.08506},
	author = {Xia, Xide and Kulis, Brian},
	eprint = {1711.08506},
	file = {:home/csaybar/.local/share/data/Mendeley Ltd./Mendeley Desktop/Downloaded/Xia, Kulis - 2017 - W-Net A Deep Model for Fully Unsupervised Image Segmentation.pdf:pdf},
	title = {{W-Net: A Deep Model for Fully Unsupervised Image Segmentation}},
	url = {http://arxiv.org/abs/1711.08506},
	year = {2017}
}
@article{Schmitt2018,
	archivePrefix = {arXiv},
	arxivId = {arXiv:1807.01569v1},
	author = {Schmitt, M and Hughes, L H and Zhu, X X},
	eprint = {arXiv:1807.01569v1},
	file = {:home/csaybar/.local/share/data/Mendeley Ltd./Mendeley Desktop/Downloaded/Schmitt, Hughes, Zhu - 2018 - The sen1-2 dataset for deep learning in sar-optical data fusion.pdf:pdf},
	keywords = {data fusion,deep learning,optical remote sensing,sar,sentinel-1,sentinel-2,synthetic aperture radar},
	title = {{The sen1-2 dataset for deep learning in sar-optical data fusion}},
	year = {2018}
}

@article{Li2021,
	author = {Li, Jun and Wu, Zhaocong and Hu, Zhongwen and Li, Zilong and Wang, Yisong and Molinier, Matthieu},
	doi = {10.3390/rs13010157},
	file = {:home/csaybar/.local/share/data/Mendeley Ltd./Mendeley Desktop/Downloaded/Li et al. - 2021 - Deep learning based thin cloud removal fusing vegetation red edge and short wave infrared spectral information for se.pdf:pdf},
	issn = {20724292},
	journal = {Remote Sensing},
	keywords = {Deep learning,Multi-spatial,Multi-spectral feature fusion,Sentinel-2A imagery,Thin cloud removal},
	number = {1},
	pages = {1--31},
	title = {{Deep learning based thin cloud removal fusing vegetation red edge and short wave infrared spectral information for sentinel-2A imagery}},
	volume = {13},
	year = {2021}
}

@article{Xie2017,
	author = {Xie, Fengying and Shi, Mengyun and Shi, Zhenwei and Yin, Jihao and Zhao, Danpei},
	doi = {10.1109/JSTARS.2017.2686488},
	file = {:home/csaybar/.local/share/data/Mendeley Ltd./Mendeley Desktop/Downloaded/Xie et al. - 2017 - Multilevel cloud detection in remote sensing images based on deep learning.pdf:pdf},
	issn = {21511535},
	journal = {IEEE Journal of Selected Topics in Applied Earth Observations and Remote Sensing},
	keywords = {Cloud detection,convolutional neural network (CNN),deep learning,remote sensing images,superpixel},
	number = {8},
	pages = {3631--3640},
	title = {{Multilevel cloud detection in remote sensing images based on deep learning}},
	volume = {10},
	year = {2017}
}


@article{Schmitt2018a,
	author = {Schmitt, A. and Wendleder, A.},
	doi = {10.5194/isprs-annals-IV-1-133-2018},
	file = {:home/csaybar/Downloads/isprs-annals-IV-1-133-2018.pdf:pdf},
	issn = {21949050},
	journal = {ISPRS Annals of the Photogrammetry, Remote Sensing and Spatial Information Sciences},
	keywords = {Image fusion,Image sharpening,Multi-sensor data fusion,Multispectral imaging,Optical,Polarimetry,SAR},
	number = {1},
	pages = {133--140},
	title = {{SAR-sharpening in the Kennaugh framework applied to the fusion of multi-modal SAR and optical images}},
	volume = {4},
	year = {2018}
}


@article{Raiyani2021,
	author = {Raiyani, Kashyap and Gon{\c{c}}alves, Teresa and Rato, Lu{\'{i}}s and Salgueiro, Pedro and da Silva, Jos{\'{e}} R.Marques},
	doi = {10.3390/rs13020300},
	file = {:home/csaybar/.local/share/data/Mendeley Ltd./Mendeley Desktop/Downloaded/Raiyani et al. - 2021 - Sentinel-2 image scene classification A comparison between sen2cor and a machine learning approach.pdf:pdf},
	issn = {20724292},
	journal = {Remote Sensing},
	keywords = {Artificial intelligence,High-resolution imagery,Machine learning,Scene classification,Sen2Cor,Sentinel-2,Surface reflectance},
	number = {2},
	pages = {1--22},
	title = {{Sentinel-2 image scene classification: A comparison between sen2cor and a machine learning approach}},
	volume = {13},
	year = {2021}
}


@article{Hollstein2016,
	author = {Hollstein, Andr{\'{e}} and Segl, Karl and Guanter, Luis and Brell, Maximilian and Enesco, Marta},
	doi = {10.3390/rs8080666},
	file = {:home/csaybar/.local/share/data/Mendeley Ltd./Mendeley Desktop/Downloaded/Hollstein et al. - 2016 - Ready-to-use methods for the detection of clouds, cirrus, snow, shadow, water and clear sky pixels in Sentinel.pdf:pdf},
	issn = {20724292},
	journal = {Remote Sensing},
	keywords = {Bayesian classification,Cirrus detection,Cloud detection,Decision trees,Machine learning,Sentinel-2 MSI,Shadow detection,Snow detection},
	number = {8},
	pages = {1--18},
	title = {{Ready-to-use methods for the detection of clouds, cirrus, snow, shadow, water and clear sky pixels in Sentinel-2 MSI images}},
	volume = {8},
	year = {2016}
}


@article{Pelletier2016,
	author = {Pelletier, Charlotte and Valero, Silvia and Inglada, Jordi and Champion, Nicolas and Dedieu, G{\'{e}}rard},
	doi = {10.1016/j.rse.2016.10.010},
	file = {:home/csaybar/.local/share/data/Mendeley Ltd./Mendeley Desktop/Downloaded/Pelletier et al. - 2016 - Assessing the robustness of Random Forests to map land cover with high resolution satellite image time series.pdf:pdf},
	issn = {00344257},
	journal = {Remote Sensing of Environment},
	keywords = {High resolution,Land cover mapping,Random forest,Satellite image time series,Sentinel-2,Temporal features},
	pages = {156--168},
	publisher = {Elsevier Inc.},
	title = {{Assessing the robustness of Random Forests to map land cover with high resolution satellite image time series over large areas}},
	url = {http://dx.doi.org/10.1016/j.rse.2016.10.010},
	volume = {187},
	year = {2016}
}


@article{Zhu2019,
	archivePrefix = {arXiv},
	arxivId = {1912.12171},
	author = {Zhu, Xiao Xiang and Hu, Jingliang and Qiu, Chunping and Shi, Yilei and Kang, Jian and Mou, Lichao and Bagheri, Hossein and H{\"{a}}berle, Matthias and Hua, Yuansheng and Huang, Rong and Hughes, Lloyd and Li, Hao and Sun, Yao and Zhang, Guichen and Han, Shiyao and Schmitt, Michael and Wang, Yuanyuan},
	eprint = {1912.12171},
	file = {:home/csaybar/.local/share/data/Mendeley Ltd./Mendeley Desktop/Downloaded/Zhu et al. - 2019 - So2Sat LCZ42 A Benchmark Dataset for Global Local Climate Zones Classification.pdf:pdf},
	issn = {23318422},
	journal = {arXiv},
	keywords = {Classification,Deep learning,Earth observation,Enchmark dataset,Local climate zones (lczs),Machine learning,Multi-spectral,Remote sensing,Sar,Sentinel-1,Sentinel-2,Urban areasb,Urban areasenchmark dataset},
	number = {8},
	pages = {2--13},
	title = {{So2Sat LCZ42: A Benchmark Dataset for Global Local Climate Zones Classification}},
	volume = {14},
	year = {2019}
}


@article{Frantz2018,
	author = {Frantz, David and Ha{\ss}, Erik and Uhl, Andreas and Stoffels, Johannes and Hill, Joachim},
	doi = {10.1016/j.rse.2018.04.046},
	file = {:home/csaybar/Downloads/1-s2.0-S0034425718302037-main.pdf:pdf},
	issn = {00344257},
	journal = {Remote Sensing of Environment},
	keywords = {Cloud detection,Fmask,MSI,Parallax,Sentinel-2,View geometry},
	number = {April},
	pages = {471--481},
	title = {{Improvement of the Fmask algorithm for Sentinel-2 images: Separating clouds from bright surfaces based on parallax effects}},
	volume = {215},
	year = {2018}
}


@article{Baetens2019,
	author = {Baetens, Louis and Desjardins, Camille and Hagolle, Olivier},
	doi = {10.3390/rs11040433},
	file = {:home/csaybar/.local/share/data/Mendeley Ltd./Mendeley Desktop/Downloaded/Baetens, Desjardins, Hagolle - 2019 - Validation of copernicus Sentinel-2 cloud masks obtained from MAJA, Sen2Cor, and FMask processors.pdf:pdf},
	isbn = {3356128213},
	issn = {20724292},
	journal = {Remote Sensing},
	keywords = {Active learning,Cloud mask,Cloud shadow,FMask,MAJA,Sen2Cor,Sentinel-2,Validation},
	number = {4},
	pages = {1--25},
	title = {{Validation of copernicus Sentinel-2 cloud masks obtained from MAJA, Sen2Cor, and FMask processors using reference cloud masks generated with a supervised active learning procedure}},
	volume = {11},
	year = {2019}
}


@article{Ke2017,
	file = {:home/csaybar/Downloads/NIPS-2017-lightgbm-a-highly-efficient-gradient-boosting-decision-tree-Paper.pdf:pdf},
	issn = {10495258},
	journal = {Advances in Neural Information Processing Systems},
	number = {Nips},
	pages = {3147--3155},
	title = {{LightGBM: A highly efficient gradient boosting decision tree}},
	volume = {2017-Decem},
	year = {2017}
}


@article{Guo2020,
	author = {Guo, Yanan and Cao, Xiaoqun and Liu, Bainian and Gao, Mei},
	doi = {10.3390/SYM12061056},
	file = {:home/csaybar/.local/share/data/Mendeley Ltd./Mendeley Desktop/Downloaded/Guo et al. - 2020 - Cloud detection for satellite imagery using attention-based U-net convolutional neural network.pdf:pdf},
	issn = {20738994},
	journal = {Symmetry},
	keywords = {Attention mechanism,Cloud detection,Convolutional neural network,Deep learning,Remote sensing images,U-Net architecture},
	number = {6},
	title = {{Cloud detection for satellite imagery using attention-based U-net convolutional neural network}},
	volume = {12},
	year = {2020}
}


@article{Kulkarni2020,
	author = {Kulkarni, Samadhan C. and Rege, Priti P.},
	doi = {10.1016/j.inffus.2020.01.003},
	file = {:home/csaybar/.local/share/data/Mendeley Ltd./Mendeley Desktop/Downloaded/Kulkarni, Rege - 2020 - Pixel level fusion techniques for SAR and optical images A review.pdf:pdf},
	issn = {15662535},
	journal = {Information Fusion},
	keywords = {Image fusion,Optical imagery,Quality metrics,SAR imagery},
	number = {November 2019},
	pages = {13--29},
	publisher = {Elsevier B.V.},
	title = {{Pixel level fusion techniques for SAR and optical images: A review}},
	url = {https://doi.org/10.1016/j.inffus.2020.01.003},
	volume = {59},
	year = {2020}
}


@article{Li2020,
	archivePrefix = {arXiv},
	arxivId = {2012.05899},
	author = {Li, Suichan and Chen, Dongdong and Chen, Yinpeng and Yuan, Lu and Zhang, Lei and Chu, Qi and Yu, Nenghai},
	eprint = {2012.05899},
	file = {:home/csaybar/.local/share/data/Mendeley Ltd./Mendeley Desktop/Downloaded/Li et al. - 2020 - Are Fewer Labels Possible for Few-shot Learning.pdf:pdf},
	issn = {23318422},
	title = {{Are Fewer Labels Possible for Few-shot Learning?}},
	url = {http://arxiv.org/abs/2012.05899},
	year = {2020}
}


@article{Schmitt2019a,
	author = {Schmitt, M. and Hughes, L. H. and Qiu, C. and Zhu, X. X.},
	doi = {10.5194/isprs-annals-IV-2-W7-145-2019},
	file = {:home/csaybar/.local/share/data/Mendeley Ltd./Mendeley Desktop/Downloaded/Schmitt et al. - 2019 - AGGREGATING CLOUD-FREE SENTINEL-2 IMAGES with GOOGLE EARTH ENGINE.pdf:pdf},
	issn = {21949050},
	journal = {ISPRS Annals of the Photogrammetry, Remote Sensing and Spatial Information Sciences},
	keywords = {Big Data,Cloud Coverage,Google Earth Engine,Sentinel-2},
	number = {2/W7},
	pages = {145--152},
	title = {{AGGREGATING CLOUD-FREE SENTINEL-2 IMAGES with GOOGLE EARTH ENGINE}},
	volume = {4},
	year = {2019}
}


@article{Yamazaki2017,
	author = {Yamazaki, Dai and Ikeshima, Daiki and Tawatari, Ryunosuke and Yamaguchi, Tomohiro and O'Loughlin, Fiachra and Neal, Jeffery C. and Sampson, Christopher C. and Kanae, Shinjiro and Bates, Paul D.},
	doi = {10.1002/2017GL072874},
	file = {:home/csaybar/.local/share/data/Mendeley Ltd./Mendeley Desktop/Downloaded/Yamazaki et al. - 2017 - A high-accuracy map of global terrain elevations.pdf:pdf},
	issn = {19448007},
	journal = {Geophysical Research Letters},
	keywords = {AW3D,ICESat,SRTM,digital elevation model,global data set},
	number = {11},
	pages = {5844--5853},
	title = {{A high-accuracy map of global terrain elevations}},
	volume = {44},
	year = {2017}
}


@article{Scaramuzza2012,
	author = {Scaramuzza, Pasquale L. and Bouchard, Michelle A. and Dwyer, John L.},
	doi = {10.1109/TGRS.2011.2164087},
	file = {:home/csaybar/.local/share/data/Mendeley Ltd./Mendeley Desktop/Downloaded/Scaramuzza, Bouchard, Dwyer - 2012 - Development of the landsat data continuity mission cloud-cover assessment algorithms.pdf:pdf},
	issn = {01962892},
	journal = {IEEE Transactions on Geoscience and Remote Sensing},
	keywords = {Algorithm,Landsat,clouds,image classification,remote sensing},
	number = {4},
	pages = {1140--1154},
	title = {{Development of the landsat data continuity mission cloud-cover assessment algorithms}},
	volume = {50},
	year = {2012}
}


@article{Zhang2021,
	author = {Zhang, Wei and Tang, Ping and Corpetti, Thomas and Zhao, Lijun},
	doi = {10.3390/rs13030394},
	file = {:home/csaybar/.local/share/data/Mendeley Ltd./Mendeley Desktop/Downloaded/Zhang et al. - 2021 - WTS A weakly towards strongly supervised learning framework for remote sensing land cover classification using seg.pdf:pdf},
	issn = {20724292},
	journal = {Remote Sensing},
	keywords = {Convolutional neural network,Fully connected Conditional Random Fields,Land cover classification,Seeded region growing,Segmentation model,Weakly supervised},
	number = {3},
	pages = {1--18},
	title = {{WTS: A weakly towards strongly supervised learning framework for remote sensing land cover classification using segmentation models}},
	volume = {13},
	year = {2021}
}


@article{Tompson2015,
	archivePrefix = {arXiv},
	arxivId = {1411.4280},
	author = {Tompson, Jonathan and Goroshin, Ross and Jain, Arjun and LeCun, Yann and Bregler, Christoph},
	doi = {10.1109/CVPR.2015.7298664},
	eprint = {1411.4280},
	file = {:home/csaybar/.local/share/data/Mendeley Ltd./Mendeley Desktop/Downloaded/Tompson et al. - 2015 - Efficient object localization using Convolutional Networks.pdf:pdf},
	isbn = {9781467369640},
	issn = {10636919},
	journal = {Proceedings of the IEEE Computer Society Conference on Computer Vision and Pattern Recognition},
	pages = {648--656},
	title = {{Efficient object localization using Convolutional Networks}},
	volume = {07-12-June},
	year = {2015}
}


@article{Singha2019,
	author = {Singha, Mrinal and Dong, Jinwei and Zhang, Geli and Xiao, Xiangming},
	doi = {10.1038/s41597-019-0036-3},
	file = {:home/csaybar/.local/share/data/Mendeley Ltd./Mendeley Desktop/Downloaded/Singha et al. - 2019 - High resolution paddy rice maps in cloud-prone Bangladesh and Northeast India using Sentinel-1 data.pdf:pdf},
	issn = {20524463},
	journal = {Scientific Data},
	number = {1},
	pages = {1--10},
	pmid = {30976017},
	publisher = {Springer US},
	title = {{High resolution paddy rice maps in cloud-prone Bangladesh and Northeast India using Sentinel-1 data}},
	url = {http://dx.doi.org/10.1038/s41597-019-0036-3},
	volume = {6},
	year = {2019}
}


@article{Yamazaki2019,
	author = {Yamazaki, Dai and Ikeshima, Daiki and Sosa, Jeison and Bates, Paul D. and Allen, George H. and Pavelsky, Tamlin M.},
	doi = {10.1029/2019WR024873},
	file = {:home/csaybar/Downloads/Water Resources Research - 2019 - Yamazaki - MERIT Hydro  A High‐Resolution Global Hydrography Map Based on Latest.pdf:pdf},
	issn = {19447973},
	journal = {Water Resources Research},
	keywords = {global hydrology,hydrography,river network,topography},
	number = {6},
	pages = {5053--5073},
	title = {{MERIT Hydro: A High-Resolution Global Hydrography Map Based on Latest Topography Dataset}},
	volume = {55},
	year = {2019}
}


@article{Schmitt2020,
	archivePrefix = {arXiv},
	arxivId = {2002.08254},
	author = {Schmitt, M. and Prexl, J. and Ebel, P. and Liebel, L. and Zhu, X. X.},
	doi = {10.5194/isprs-Annals-V-3-2020-795-2020},
	eprint = {2002.08254},
	file = {:home/csaybar/.local/share/data/Mendeley Ltd./Mendeley Desktop/Downloaded/Schmitt et al. - 2020 - Weakly supervised semantic segmentation of satellite images for land cover mapping-challenges and opportunities.pdf:pdf},
	issn = {21949050},
	journal = {ISPRS Annals of the Photogrammetry, Remote Sensing and Spatial Information Sciences},
	keywords = {Data Fusion,Deep Learning,Land Cover Mapping,Machine Learning},
	number = {3},
	pages = {795--802},
	title = {{Weakly supervised semantic segmentation of satellite images for land cover mapping-challenges and opportunities}},
	volume = {5},
	year = {2020}
}


@article{Liu2019,
	author = {Liu, Cheng Chien and Zhang, Yu Cheng and Chen, Pei Yin and Lai, Chien Chih and Chen, Yi Hsin and Cheng, Ji Hong and Ko, Ming Hsun},
	doi = {10.3390/rs11020119},
	file = {:home/csaybar/.local/share/data/Mendeley Ltd./Mendeley Desktop/Downloaded/Liu et al. - 2019 - Clouds classification from Sentinel-2 imagery with deep residual learning and semantic image segmentation.pdf:pdf},
	issn = {20724292},
	journal = {Remote Sensing},
	keywords = {Atrous convolution,Change detection,Cloud classification,CloudNet,Deep learning,Deep residual learning,Land use and land cover,Semantic image segmentation,Sentinel-2},
	number = {2},
	title = {{Clouds classification from Sentinel-2 imagery with deep residual learning and semantic image segmentation}},
	volume = {11},
	year = {2019}
}


@article{Mohajerani2020a,
	archivePrefix = {arXiv},
	arxivId = {2001.08768},
	author = {Mohajerani, Sorour and Saeedi, Parvaneh},
	eprint = {2001.08768},
	file = {:home/csaybar/.local/share/data/Mendeley Ltd./Mendeley Desktop/Downloaded/Mohajerani, Saeedi - 2020 - Cloud-Net A cloud segmentation CNN for landsat 8 remote sensing imagery optimized with filtered jaccard loss.pdf:pdf},
	issn = {23318422},
	journal = {arXiv},
	keywords = {38-Cloud,CNN,Cloud detection,Deep learning,Image segmentation,Landsat 8,Loss function,Remote sensing},
	pages = {1--12},
	title = {{Cloud-Net+: A cloud segmentation CNN for landsat 8 remote sensing imagery optimized with filtered jaccard loss function}},
	year = {2020}
}


@article{Gorelick2017,
	author = {Gorelick, Noel and Hancher, Matt and Dixon, Mike and Ilyushchenko, Simon and Thau, David and Moore, Rebecca},
	doi = {10.1016/j.rse.2017.06.031},
	file = {:home/csaybar/.local/share/data/Mendeley Ltd./Mendeley Desktop/Downloaded/Gorelick et al. - 2017 - Google Earth Engine Planetary-scale geospatial analysis for everyone.pdf:pdf},
	issn = {00344257},
	journal = {Remote Sensing of Environment},
	keywords = {Analysis,Big data,Cloud computing,Data democratization,Earth Engine,Platform},
	pages = {18--27},
	publisher = {The Author(s)},
	title = {{Google Earth Engine: Planetary-scale geospatial analysis for everyone}},
	url = {https://doi.org/10.1016/j.rse.2017.06.031},
	volume = {202},
	year = {2017}
}


@article{Qiu2020,
	author = {Qiu, Shi and Zhu, Zhe and Woodcock, Curtis E.},
	doi = {10.1016/j.rse.2020.111884},
	file = {:home/csaybar/.local/share/data/Mendeley Ltd./Mendeley Desktop/Downloaded/Qiu, Zhu, Woodcock - 2020 - Cirrus clouds that adversely affect Landsat 8 images What are they and how to detect them.pdf:pdf},
	issn = {00344257},
	journal = {Remote Sensing of Environment},
	keywords = {Cirrus cloud detection,Cmask,Landsat 8,Time series,Water vapor},
	number = {September 2019},
	pages = {111884},
	publisher = {Elsevier},
	title = {{Cirrus clouds that adversely affect Landsat 8 images: What are they and how to detect them?}},
	url = {https://doi.org/10.1016/j.rse.2020.111884},
	volume = {246},
	year = {2020}
}
@article{Mateo-Garcia2018,
	author = {Mateo-Garc{\'{i}}a, Gonzalo and G{\'{o}}mez-Chova, Luis and Amor{\'{o}}s-L{\'{o}}pez, Julia and Mu{\~{n}}oz-Mar{\'{i}}, Jordi and Camps-Valls, Gustau},
	doi = {10.3390/rs10071079},
	file = {:home/csaybar/.local/share/data/Mendeley Ltd./Mendeley Desktop/Downloaded/Mateo-Garc{\'{i}}a et al. - 2018 - Multitemporal cloud masking in the Google Earth Engine.pdf:pdf},
	issn = {20724292},
	journal = {Remote Sensing},
	keywords = {Change detection,Cloud masking,Google Earth Engine (GEE),Image time series,Landsat-8,Multitemporal analysis},
	number = {7},
	pages = {7--9},
	title = {{Multitemporal cloud masking in the Google Earth Engine}},
	volume = {10},
	year = {2018}
}
@article{Min2021,
	archivePrefix = {arXiv},
	arxivId = {2104.01538},
	author = {Min, Juhong and Kang, Dahyun and Cho, Minsu},
	eprint = {2104.01538},
	file = {:home/csaybar/.local/share/data/Mendeley Ltd./Mendeley Desktop/Downloaded/Min, Kang, Cho - 2021 - Hypercorrelation Squeeze for Few-Shot Segmentation(2).pdf:pdf},
	title = {{Hypercorrelation Squeeze for Few-Shot Segmentation}},
	url = {http://arxiv.org/abs/2104.01538},
	year = {2021}
}
@article{Schmitt2019b,
	archivePrefix = {arXiv},
	arxivId = {1906.07789},
	author = {Schmitt, Michael and Hughes, Lloyd Haydn and Qiu, Chunping and Zhu, Xiao Xiang},
	eprint = {1906.07789},
	file = {:home/csaybar/.local/share/data/Mendeley Ltd./Mendeley Desktop/Downloaded/Schmitt et al. - 2019 - SEN12MS -- A Curated Dataset of Georeferenced Multi-Spectral Sentinel-12 Imagery for Deep Learning and Data Fusi.pdf:pdf},
	keywords = {data fusion,dataset,deep learning,machine learning,multi-spectral imagery,optical remote sensing,remote sensing,sar,sentinel-1,sentinel-2,synthetic aperture radar},
	title = {{SEN12MS -- A Curated Dataset of Georeferenced Multi-Spectral Sentinel-1/2 Imagery for Deep Learning and Data Fusion}},
	url = {http://arxiv.org/abs/1906.07789},
	year = {2019}
}
@inproceedings{russwurm2020meta,
	title={Meta-learning for few-shot land cover classification},
	author={Ru{\ss}wurm, Marc and Wang, Sherrie and Korner, Marco and Lobell, David},
	booktitle={Proceedings of the ieee/cvf conference on computer vision and pattern recognition workshops},
	pages={200--201},
	year={2020}
}
@article{Valdez2017,
	author = {Valdez, Calero and Ziefle, Martina and Sedlmair, Michael},
	file = {:home/csaybar/Downloads/calero-valdez2017framework.pdf:pdf},
	journal = {VIS 2017: Dealing with Cognitive Biases in Visualisations},
	keywords = {H12 [Models and Principals],H52 [Information Inter-faces and Presentation],Index Terms,User Interfaces—Evaluation/methodology,User/Machine Systems—Human information processing},
	title = {{A Framework for Studying Biases in Visualization Research}},
	url = {http://eprints.cs.univie.ac.at/5258/1/calero-valdez2017framework.pdf},
	year = {2017}
}
@article{Siqueira2019,
	
	author = {Siqueira, Andreia and Lewis, Adam and Thankappan, Medhavy and Szantoi, Zoltan and Goryl, Philippe and Labahn, Steven and Ross, Jonathon and Hosford, Steven and Mecklenburg, Susanne and Tadono, Takeo and Rosenqvist, Ake and Lacey, Jennifer},
	doi = {10.1109/IGARSS.2019.8899846},
	file = {:home/csaybar/.local/share/data/Mendeley Ltd./Mendeley Desktop/Downloaded/Siqueira et al. - 2019 - CEOS Analysis Ready Data for Land - An Overview on the Current and Future Work.pdf:pdf},
	isbn = {9781538691540},
	journal = {International Geoscience and Remote Sensing Symposium (IGARSS)},
	keywords = {Analysis Ready Data,CARD4L,Earth Observation,Product Alignment Assessment,Product Family Specifications},
	pages = {5536--5537},
	publisher = {IEEE},
	title = {{CEOS Analysis Ready Data for Land - An Overview on the Current and Future Work}},
	year = {2019}
}
@article{Ayush2020,
	
	archivePrefix = {arXiv},
	arxivId = {2011.09980},
	author = {Ayush, Kumar and Uzkent, Burak and Meng, Chenlin and Tanmay, Kumar and Burke, Marshall and Ermon, Stefano and Lobell, David},
	eprint = {2011.09980},
	file = {:home/csaybar/.local/share/data/Mendeley Ltd./Mendeley Desktop/Downloaded/Ayush et al. - 2020 - Geography-aware self-supervised learning.pdf:pdf},
	issn = {23318422},
	journal = {arXiv},
	title = {{Geography-aware self-supervised learning}},
	year = {2020}
}
@article{Louis2016,
	
	author = {Louis, J{\'{e}}r{\^{o}}me and Debaecker, Vincent and Pflug, Bringfried and Main-Knorn, Magdalena and Bieniarz, Jakub and Mueller-Wilm, Uwe and Cadau, Enrico and Gascon, Ferran},
	file = {:home/csaybar/.local/share/data/Mendeley Ltd./Mendeley Desktop/Downloaded/Louis et al. - 2016 - Sentinel-2 SEN2COR L2A processor for users.pdf:pdf},
	isbn = {9789292213053},
	issn = {03796566},
	journal = {European Space Agency, (Special Publication) ESA SP},
	number = {May},
	pages = {9--13},
	title = {{Sentinel-2 SEN2COR: L2A processor for users}},
	volume = {SP-740},
	year = {2016}
}
@article{Castillo-Navarro2021,
	
	archivePrefix = {arXiv},
	arxivId = {2010.07830},
	author = {Castillo-Navarro, Javiera and {Le Saux}, Bertrand and Boulch, Alexandre and Audebert, Nicolas and Lef{\`{e}}vre, S{\'{e}}bastien},
	doi = {10.1007/s10994-020-05943-y},
	eprint = {2010.07830},
	file = {:home/csaybar/.local/share/data/Mendeley Ltd./Mendeley Desktop/Downloaded/Castillo-Navarro et al. - 2021 - Semi-supervised semantic segmentation in Earth Observation the MiniFrance suite, dataset analysis and m.pdf:pdf},
	issn = {15730565},
	journal = {Machine Learning},
	keywords = {Earth Observation,Land use mapping,Large-scale dataset,Semantic segmentation,Semi-supervised learning},
	title = {{Semi-supervised semantic segmentation in Earth Observation: the MiniFrance suite, dataset analysis and multi-task network study}},
	year = {2021}
}
@article{Ba2019,
	
	author = {Ba, Rui and Chen, Chen and Yuan, Jing and Song, Weiguo and Lo, Siuming},
	doi = {10.3390/rs11141702},
	file = {:home/csaybar/.local/share/data/Mendeley Ltd./Mendeley Desktop/Downloaded/Ba et al. - 2019 - SmokeNet Satellite smoke scene detection using convolutional neural network with spatial and channel-wise attention.pdf:pdf},
	issn = {20724292},
	journal = {Remote Sensing},
	keywords = {Attention,CNN,Scene classification,Smoke detection,Wildfire},
	number = {14},
	title = {{SmokeNet: Satellite smoke scene detection using convolutional neural network with spatial and channel-wise attention}},
	volume = {11},
	year = {2019}
}
@article{Wang2020a,
	
	author = {Wang, Jiaxin and Ding, Chris H.Q. and Chen, Sibao and He, Chenggang and Luo, Bin},
	doi = {10.3390/rs12213603},
	file = {:home/csaybar/.local/share/data/Mendeley Ltd./Mendeley Desktop/Downloaded/Wang et al. - 2020 - Semi-supervised remote sensing image semantic segmentation via consistency regularization and average update of pse.pdf:pdf},
	issn = {20724292},
	journal = {Remote Sensing},
	keywords = {Consistency training,Pseudo label,Remote sensing image segmentation,Semi-supervised learning},
	number = {21},
	pages = {1--16},
	title = {{Semi-supervised remote sensing image semantic segmentation via consistency regularization and average update of pseudo-label}},
	volume = {12},
	year = {2020}
}
@article{Lewis2017,
	
	author = {Lewis, Adam and Oliver, Simon and Lymburner, Leo and Evans, Ben and Wyborn, Lesley and Mueller, Norman and Raevksi, Gregory and Hooke, Jeremy and Woodcock, Rob and Sixsmith, Joshua and Wu, Wenjun and Tan, Peter and Li, Fuqin and Killough, Brian and Minchin, Stuart and Roberts, Dale and Ayers, Damien and Bala, Biswajit and Dwyer, John and Dekker, Arnold and Dhu, Trevor and Hicks, Andrew and Ip, Alex and Purss, Matt and Richards, Clare and Sagar, Stephen and Trenham, Claire and Wang, Peter and Wang, Lan Wei},
	doi = {10.1016/j.rse.2017.03.015},
	file = {:home/csaybar/.local/share/data/Mendeley Ltd./Mendeley Desktop/Downloaded/Lewis et al. - 2017 - The Australian Geoscience Data Cube — Foundations and lessons learned.pdf:pdf},
	issn = {00344257},
	journal = {Remote Sensing of Environment},
	keywords = {Australian Geoscience Data Cube,Big data,Collection management,Data cube,Geometric correction,High performance computing,High performance data,Landsat,Pixel quality,Time-series},
	pages = {276--292},
	publisher = {Elsevier Inc.},
	title = {{The Australian Geoscience Data Cube — Foundations and lessons learned}},
	url = {https://doi.org/10.1016/j.rse.2017.03.015},
	volume = {202},
	year = {2017}
}
@article{Zhou2017,
	
	author = {Zhou, Bolei and Zhao, Hang and Puig, Xavier and Fidler, Sanja and Barriuso, Adela and Torralba, Antonio},
	doi = {10.1109/CVPR.2017.544},
	file = {:home/csaybar/.local/share/data/Mendeley Ltd./Mendeley Desktop/Downloaded/Zhou et al. - 2017 - Scene parsing through ADE20K dataset.pdf:pdf},
	isbn = {9781538604571},
	journal = {Proceedings - 30th IEEE Conference on Computer Vision and Pattern Recognition, CVPR 2017},
	pages = {5122--5130},
	title = {{Scene parsing through ADE20K dataset}},
	volume = {2017-Janua},
	year = {2017}
}
@article{Goyal2021,
	
	archivePrefix = {arXiv},
	arxivId = {2103.01988},
	author = {Goyal, Priya and Caron, Mathilde and Lefaudeux, Benjamin and Xu, Min and Wang, Pengchao and Pai, Vivek and Singh, Mannat and Liptchinsky, Vitaliy and Misra, Ishan and Joulin, Armand and Bojanowski, Piotr},
	eprint = {2103.01988},
	file = {:home/csaybar/.local/share/data/Mendeley Ltd./Mendeley Desktop/Downloaded/Goyal et al. - 2021 - Self-supervised Pretraining of Visual Features in the Wild.pdf:pdf},
	title = {{Self-supervised Pretraining of Visual Features in the Wild}},
	url = {http://arxiv.org/abs/2103.01988},
	year = {2021}
}
@article{Tarasov2020,
	
	author = {Tarasov, A. V.},
	doi = {10.21046/2070-7401-2020-17-7-26-38},
	file = {:home/csaybar/.local/share/data/Mendeley Ltd./Mendeley Desktop/Downloaded/Tarasov - 2020 - Estimation of the accuracy of cloud masking algorithms using Sentinel-2 and PlanetScope data.pdf:pdf},
	issn = {24110280},
	journal = {Sovremennye Problemy Distantsionnogo Zondirovaniya Zemli iz Kosmosa},
	keywords = {Cloud masking,Machine learning,PlanetScope,Sentinel-2},
	number = {7},
	pages = {26--38},
	title = {{Estimation of the accuracy of cloud masking algorithms using Sentinel-2 and PlanetScope data}},
	volume = {17},
	year = {2020}
}
@article{Mahajan2020,
	author = {Mahajan, Seema and Fataniya, Bhavin},
	doi = {10.1007/s40747-019-00128-0},
	file = {:home/csaybar/.local/share/data/Mendeley Ltd./Mendeley Desktop/Downloaded/Mahajan, Fataniya - 2020 - Cloud detection methodologies variants and development—a review.pdf:pdf},
	isbn = {0123456789},
	issn = {2198-6053},
	journal = {Complex \& Intelligent Systems},
	keywords = {Cloud detection,Satellite remote sensing,Machine l,cloud detection,machine learning,satellite remote sensing},
	number = {2},
	pages = {251--261},
	publisher = {Springer International Publishing},
	title = {{Cloud detection methodologies: variants and development—a review}},
	url = {https://doi.org/10.1007/s40747-019-00128-0},
	volume = {6},
	year = {2020}
}
@article{Jia2021,
	author = {Jia, Hongfei},
	doi = {10.1002/widm.1396},
	file = {:home/csaybar/.local/share/data/Mendeley Ltd./Mendeley Desktop/Downloaded/Jia - 2021 - Predicting land surface temperature with geographically weighed regression and deep learning.pdf:pdf},
	number = {September 2020},
	pages = {1--19},
	title = {{Predicting land surface temperature with geographically weighed regression and deep learning}},
	year = {2021}
}
@article{Cilli,
	author = {Cilli, Roberto and Amoroso, Nicola and Tateo, Andrea and Tangaro, Sabina},
	doi = {10.3390/rs12152355},
	file = {:home/csaybar/.local/share/data/Mendeley Ltd./Mendeley Desktop/Downloaded/Cilli et al. - Unknown - Machine Learning for Cloud Detection of Globally Distributed Sentinel-2 Images.pdf:pdf},
	keywords = {cloud segmentation,fmask,machine learning,maja,sen2cor,sentinel-2,svm},
	number = {ii},
	pages = {1--17},
	title = {{Machine Learning for Cloud Detection of Globally Distributed Sentinel-2 Images}},
	year = {2020}
}
@misc{Babichev2002,
	author = {Babichev, S A and Ries, J and Lvovsky, A I},
	howpublished = {Preprint at \url{https://arxiv.org/abs/quant-ph/0208066}},
	title = {{Quantum scissors: teleportation of single-mode optical states by means of a nonlocal single photon}},
	url = {https://arxiv.org/abs/quant-ph/0208066},
	year = {2002}
}
@article{Shaban2017,
	
	archivePrefix = {arXiv},
	arxivId = {1709.03410},
	author = {Shaban, Amirreza and Bansal, Shray and Liu, Zhen and Essa, Irfan and Boots, Byron},
	doi = {10.5244/c.31.167},
	eprint = {1709.03410},
	file = {:home/csaybar/.local/share/data/Mendeley Ltd./Mendeley Desktop/Downloaded/Shaban et al. - 2017 - One-shot learning for semantic segmentation.pdf:pdf},
	isbn = {190172560X},
	journal = {British Machine Vision Conference 2017, BMVC 2017},
	title = {{One-shot learning for semantic segmentation}},
	year = {2017}
}
@article{Kaufman2020,
	author = {Kaufman, Darrell and McKay, Nicholas and Routson, Cody and Erb, Michael and Davis, Basil and Heiri, Oliver and Jaccard, Samuel and Tierney, Jessica and D{\"{a}}twyler, Christoph and Axford, Yarrow and Brussel, Thomas and Cartapanis, Olivier and Chase, Brian and Dawson, Andria and de Vernal, Anne and Engels, Stefan and Jonkers, Lukas and Marsicek, Jeremiah and Moffa-S{\'{a}}nchez, Paola and Morrill, Carrie and Orsi, Anais and Rehfeld, Kira and Saunders, Krystyna and Sommer, Philipp S and Thomas, Elizabeth and Tonello, Marcela and T{\'{o}}th, M{\'{o}}nika and Vachula, Richard and Andreev, Andrei and Bertrand, Sebastien and Biskaborn, Boris and Bringu{\'{e}}, Manuel and Brooks, Stephen and Caniup{\'{a}}n, Magaly and Chevalier, Manuel and Cwynar, Les and Emile-Geay, Julien and Fegyveresi, John and Feurdean, Angelica and Finsinger, Walter and Fortin, Marie-Claude and Foster, Louise and Fox, Mathew and Gajewski, Konrad and Grosjean, Martin and Hausmann, Sonja and Heinrichs, Markus and Holmes, Naomi and Ilyashuk, Boris and Ilyashuk, Elena and Juggins, Steve and Khider, Deborah and Koinig, Karin and Langdon, Peter and Larocque-Tobler, Isabelle and Li, Jianyong and Lotter, Andr{\'{e}} and Luoto, Tomi and Mackay, Anson and Magyari, Eniko and Malevich, Steven and Mark, Bryan and Massaferro, Julieta and Montade, Vincent and Nazarova, Larisa and Novenko, Elena and Pa\vril, Petr and Pearson, Emma and Peros, Matthew and Pienitz, Reinhard and P{\l}{\'{o}}ciennik, Mateusz and Porinchu, David and Potito, Aaron and Rees, Andrew and Reinemann, Scott and Roberts, Stephen and Rolland, Nicolas and Salonen, Sakari and Self, Angela and Sepp{\"{a}}, Heikki and Shala, Shyhrete and St-Jacques, Jeannine-Marie and Stenni, Barbara and Syrykh, Liudmila and Tarrats, Pol and Taylor, Karen and van den Bos, Valerie and Velle, Gaute and Wahl, Eugene and Walker, Ian and Wilmshurst, Janet and Zhang, Enlou and Zhilich, Snezhana},
	doi = {https://doi.org/10.1038/s41597-020-0445-3},
	journal = {Scientific Data},
	month = {apr},
	number = {1},
	pages = {115},
	publisher = {Springer Science and Business Media {LLC}},
	title = {{A global database of Holocene paleotemperature records}},
	url = {https://doi.org/10.1038/s41597-020-0445-3},
	volume = {7},
	year = {2020}
}
@article{Wang2020b,
	author = {Wang, Sherrie and Ru{\ss}wurm, Marc and Marco, K and Lobell, David B},
	file = {:home/csaybar/.local/share/data/Mendeley Ltd./Mendeley Desktop/Downloaded/Wang et al. - 2020 - META-LEARNING FOR FEW-SHOT TIME SERIES CLASSIFICATION Institute of Computational & Mathematical Engineering , Stanf.pdf:pdf},
	isbn = {9781728163741},
	pages = {7041--7044},
	title = {{META-LEARNING FOR FEW-SHOT TIME SERIES CLASSIFICATION Institute of Computational & Mathematical Engineering , Stanford University Chair of Remote Sensing Technology , Technical University of Munich Department of Earth System Science , Stanford University}},
	year = {2020}
}
@article{Czum2020,
	author = {Czum, Julianna M.},
	doi = {10.1016/j.jacr.2020.02.005},
	file = {:home/csaybar/.local/share/data/Mendeley Ltd./Mendeley Desktop/Downloaded/Czum - 2020 - Dive Into Deep Learning.pdf:pdf},
	issn = {1558349X},
	journal = {Journal of the American College of Radiology},
	number = {5},
	pages = {637--638},
	pmid = {32142636},
	title = {{Dive Into Deep Learning}},
	volume = {17},
	year = {2020}
}
@article{unet,
	
	archivePrefix = {arXiv},
	arxivId = {1505.04597},
	author = {Ronneberger, Olaf and Fischer, Philipp and {Thomas Brox}},
	doi = {10.1109/ACCESS.2021.3053408},
	eprint = {1505.04597},
	file = {:home/csaybar/.local/share/data/Mendeley Ltd./Mendeley Desktop/Downloaded/Weng, Zhu - 2021 - INet Convolutional Networks for Biomedical Image Segmentation.pdf:pdf},
	issn = {21693536},
	journal = {IEEE Access},
	keywords = {Biomedical image,convolutional networks,encoder-decoder networks,semantic segmentation},
	pages = {16591--16603},
	title = {{U-Net: Convolutional Networks for Biomedical Image Segmentation}},
	volume = {9},
	year = {2015}
}
@article{zhang2002,
	
	author = {Zhang, Y. and Guindon, B. and Cihlar, J.},
	doi = {10.1016/S0034-4257(02)00034-2},
	file = {:home/csaybar/.local/share/data/Mendeley Ltd./Mendeley Desktop/Downloaded/Zhang, Guindon, Cihlar - 2002 - An image transform to characterize and compensate for spatial variations in thin cloud contamination of.pdf:pdf},
	issn = {00344257},
	journal = {Remote Sensing of Environment},
	number = {2-3},
	pages = {173--187},
	title = {{An image transform to characterize and compensate for spatial variations in thin cloud contamination of Landsat images}},
	volume = {82},
	year = {2002}
}
@article{Alizadehsani2019,
	
	author = {Alizadehsani, R. and Roshanzamir, M. and Abdar, M. and Beykikhoshk, A. and Khosravi, A. and Panahiazar, M. and Koohestani, A. and Khozeimeh, F. and Nahavandi, S. and Sarrafzadegan, N.},
	doi = {10.1038/s41597-019-0206-3},
	file = {:home/csaybar/.local/share/data/Mendeley Ltd./Mendeley Desktop/Downloaded/Alizadehsani et al. - 2019 - A database for using machine learning and data mining techniques for coronary artery disease diagnosis.pdf:pdf},
	isbn = {8415683111},
	issn = {20524463},
	journal = {Scientific Data},
	number = {1},
	pages = {1--13},
	pmid = {31645559},
	publisher = {Springer US},
	title = {{A database for using machine learning and data mining techniques for coronary artery disease diagnosis}},
	url = {http://dx.doi.org/10.1038/s41597-019-0206-3},
	volume = {6},
	year = {2019}
}
@article{Hughes2019,
	
	author = {Hughes, M. Joseph and Kennedy, Robert},
	doi = {10.3390/rs11212591},
	file = {:home/csaybar/.local/share/data/Mendeley Ltd./Mendeley Desktop/Downloaded/Hughes, Kennedy - 2019 - High-quality cloud masking of landsat 8 imagery using convolutional neural networks.pdf:pdf},
	issn = {20724292},
	journal = {Remote Sensing},
	keywords = {Cloud masking,Cloud-shadow,Convolutional neural network,Deep learning,Image segmentation,Landsat},
	number = {21},
	title = {{High-quality cloud masking of landsat 8 imagery using convolutional neural networks}},
	volume = {11},
	year = {2019}
}
@article{Finn2017,
	
	archivePrefix = {arXiv},
	arxivId = {1703.03400},
	author = {Finn, Chelsea and Abbeel, Pieter and Levine, Sergey},
	eprint = {1703.03400},
	file = {:home/csaybar/.local/share/data/Mendeley Ltd./Mendeley Desktop/Downloaded/Finn, Abbeel, Levine - 2017 - Model-agnostic meta-learning for fast adaptation of deep networks.pdf:pdf},
	isbn = {9781510855144},
	journal = {34th International Conference on Machine Learning, ICML 2017},
	pages = {1856--1868},
	title = {{Model-agnostic meta-learning for fast adaptation of deep networks}},
	volume = {3},
	year = {2017}
}
@article{Schramm2021,
	
	author = {Schramm, Matthias and Pebesma, Edzer and Milenkovi{\'{c}}, Milutin and Foresta, Luca and Dries, Jeroen and Jacob, Alexander and Wagner, Wolfgang and Mohr, Matthias and Neteler, Markus and Kadunc, Miha and Miksa, Tomasz and Kempeneers, Pieter and Verbesselt, Jan and G{\"{o}}{\ss}wein, Bernhard and Navacchi, Claudio and Lippens, Stefaan and Reiche, Johannes},
	doi = {10.3390/rs13061125},
	file = {:home/csaybar/.local/share/data/Mendeley Ltd./Mendeley Desktop/Downloaded/Schramm et al. - 2021 - The openeo api–harmonising the use of earth observation cloud services using virtual data cube functionalities.pdf:pdf},
	isbn = {4315880112238},
	issn = {20724292},
	journal = {Remote Sensing},
	keywords = {API,Cloud computing,Interoperability,Open standard,Virtual data cube},
	number = {6},
	pages = {1--21},
	title = {{The openeo api–harmonising the use of earth observation cloud services using virtual data cube functionalities}},
	volume = {13},
	year = {2021}
}
@article{Valavi2019,
	
	author = {Valavi, Roozbeh and Elith, Jane and Lahoz-Monfort, Jos{\'{e}} J. and Guillera-Arroita, Gurutzeta},
	doi = {10.1111/2041-210X.13107},
	file = {:home/csaybar/Desktop/2041-210X.13107.pdf:pdf},
	issn = {2041210X},
	journal = {Methods in Ecology and Evolution},
	keywords = {block cross-validation,environmental blocking,model evaluation,spatial autocorrelation,spatial blocking,spatial leave-one-out,species distribution modelling,structured environment},
	number = {2},
	pages = {225--232},
	title = {{blockCV: An r package for generating spatially or environmentally separated folds for k-fold cross-validation of species distribution models}},
	volume = {10},
	year = {2019}
}
@article{Gupta2020,
	
	author = {Gupta, Rachana and Nanda, Satyasai Jagannath},
	doi = {10.1049/iet-ipr.2020.0535},
	file = {:home/csaybar/.local/share/data/Mendeley Ltd./Mendeley Desktop/Downloaded/Gupta, Nanda - 2020 - Improved framework of many-objective evolutionary algorithm to handle cloud detection problem in satellite imagery.pdf:pdf},
	issn = {17519659},
	journal = {IET Image Processing},
	number = {17},
	pages = {4795--4807},
	title = {{Improved framework of many-objective evolutionary algorithm to handle cloud detection problem in satellite imagery}},
	volume = {14},
	year = {2020}
}
@article{Closa2017,
	
	author = {Closa, Guillem and Mas{\'{o}}, Joan and Pro{\ss}, Benjamin and Pons, Xavier},
	doi = {10.1016/j.compenvurbsys.2017.01.008},
	file = {:home/csaybar/.local/share/data/Mendeley Ltd./Mendeley Desktop/Downloaded/Closa et al. - 2017 - W3C PROV to describe provenance at the dataset, feature and attribute levels in a distributed environment.pdf:pdf},
	issn = {01989715},
	journal = {Computers, Environment and Urban Systems},
	keywords = {Conflation,Distributed enviroment,GIS,Metadata,Provenance},
	pages = {103--117},
	publisher = {The Author(s)},
	title = {{W3C PROV to describe provenance at the dataset, feature and attribute levels in a distributed environment}},
	url = {http://dx.doi.org/10.1016/j.compenvurbsys.2017.01.008},
	volume = {64},
	year = {2017}
}
@article{Schmitt2018b,
	
	author = {Schmitt, M. and Hughes, L. H. and K{\"{o}}rner, M. and Zhu, X. X.},
	doi = {10.5194/isprs-archives-XLII-2-1045-2018},
	file = {:home/csaybar/Downloads/isprs-archives-XLII-2-1045-2018.pdf:pdf},
	issn = {16821750},
	journal = {International Archives of the Photogrammetry, Remote Sensing and Spatial Information Sciences - ISPRS Archives},
	keywords = {Data fusion,Deep learnig,Optical remote sensing,Sentinel-1,Sentinel-2,Synthetic aperture radar (SAR)},
	number = {2},
	pages = {1045--1051},
	title = {{Colorizing sentinel-1 SAR images using a variational autoencoder conditioned on Sentinel-2 imagery}},
	volume = {42},
	year = {2018}
}
@article{microsoftCOCO,
	archivePrefix = {arXiv},
	arxivId = {arXiv:1405.0312v3},
	author = {Lin, Tsung-yi and Zitnick, C Lawrence and Doll, Piotr},
	eprint = {arXiv:1405.0312v3},
	file = {:home/csaybar/.local/share/data/Mendeley Ltd./Mendeley Desktop/Downloaded/Lin, Zitnick, Doll - Unknown - Microsoft COCO Common Objects in Context.pdf:pdf},
	pages = {1--15},
	title = {{Microsoft COCO : Common Objects in Context}}
}
@book{behringer2014manipulating,
	address = {New York},
	author = {Behringer, Richard},
	isbn = {978-1-936113-01-9},
	publisher = {Cold Spring Harbor Laboratory Press},
	title = {{Manipulating the mouse embryo: a laboratory manual}},
	year = {2014}
}
@article{Lopez-Puigdollers2021,
	
	author = {L{\'{o}}pez-Puigdollers, Dan and Mateo-Garc{\'{i}}a, Gonzalo and G{\'{o}}mez-Chova, Luis},
	doi = {10.3390/rs13050992},
	file = {:home/csaybar/.local/share/data/Mendeley Ltd./Mendeley Desktop/Downloaded/L{\'{o}}pez-Puigdollers, Mateo-Garc{\'{i}}a, G{\'{o}}mez-Chova - 2021 - Benchmarking deep learning models for cloud detection in landsat-8 and senti(3).pdf:pdf},
	issn = {20724292},
	journal = {Remote Sensing},
	keywords = {Cloud detection,Convolutional neural networks,Deep learning,Inter-dataset comparison,Landsat-8,Multispectral sensors,Sentinel-2,Transfer learning},
	number = {5},
	pages = {1--20},
	title = {{Benchmarking deep learning models for cloud detection in landsat-8 and sentinel-2 images}},
	volume = {13},
	year = {2021}
}
@article{Francis2019,
	
	author = {Francis, Alistair and Sidiropoulos, Panagiotis and Muller, Jan Peter},
	doi = {10.3390/rs11192312},
	file = {:home/csaybar/.local/share/data/Mendeley Ltd./Mendeley Desktop/Downloaded/Francis, Sidiropoulos, Muller - 2019 - CloudFCN Accurate and robust cloud detection for satellite imagery with deep learning.pdf:pdf},
	issn = {20724292},
	journal = {Remote Sensing},
	keywords = {Clouds,Computer vision,Deep learning,Machine learning,Multispectral,Optical},
	number = {19},
	pages = {1--22},
	title = {{CloudFCN: Accurate and robust cloud detection for satellite imagery with deep learning}},
	volume = {11},
	year = {2019}
}
@article{Chai2019,
	
	author = {Chai, Dengfeng and Newsam, Shawn and Zhang, Hankui K. and Qiu, Yifan and Huang, Jingfeng},
	doi = {10.1016/j.rse.2019.03.007},
	file = {:home/csaybar/.local/share/data/Mendeley Ltd./Mendeley Desktop/Downloaded/Chai et al. - 2019 - Cloud and cloud shadow detection in Landsat imagery based on deep convolutional neural networks.pdf:pdf},
	issn = {00344257},
	journal = {Remote Sensing of Environment},
	keywords = {Cloud detection,Convolutional neural network (CNN),Landsat,Semantic segmentation},
	number = {March},
	pages = {307--316},
	publisher = {Elsevier},
	title = {{Cloud and cloud shadow detection in Landsat imagery based on deep convolutional neural networks}},
	url = {https://doi.org/10.1016/j.rse.2019.03.007},
	volume = {225},
	year = {2019}
}
@article{Hughes2018,
	
	archivePrefix = {arXiv},
	arxivId = {1801.08467},
	author = {Hughes, Lloyd H. and Schmitt, Michael and Mou, Lichao and Wang, Yuanyuan and Zhu, Xiao Xiang},
	doi = {10.1109/LGRS.2018.2799232},
	eprint = {1801.08467},
	file = {:home/csaybar/Downloads/1801.08467.pdf:pdf},
	issn = {15580571},
	journal = {IEEE Geoscience and Remote Sensing Letters},
	keywords = {Convolutional neural networks (CNNs),data fusion,deep learning,deep matching,image matching,optical imagery,synthetic aperture radar (SAR)},
	number = {5},
	pages = {784--788},
	title = {{Identifying Corresponding Patches in SAR and Optical Images with a Pseudo-Siamese CNN}},
	volume = {15},
	year = {2018}
}
@article{Sumbul2021,
	
	archivePrefix = {arXiv},
	arxivId = {2105.07921},
	author = {Sumbul, Gencer and de Wall, Arne and Kreuziger, Tristan and Marcelino, Filipe and Costa, Hugo and Benevides, Pedro and Caetano, M{\'{a}}rio and Demir, Beg{\"{u}}m and Markl, Volker},
	eprint = {2105.07921},
	file = {:home/csaybar/.local/share/data/Mendeley Ltd./Mendeley Desktop/Downloaded/Sumbul et al. - 2021 - BigEarthNet-MM A Large Scale Multi-Modal Multi-Label Benchmark Archive for Remote Sensing Image Classification an.pdf:pdf},
	pages = {1--5},
	title = {{BigEarthNet-MM: A Large Scale Multi-Modal Multi-Label Benchmark Archive for Remote Sensing Image Classification and Retrieval}},
	url = {http://arxiv.org/abs/2105.07921},
	year = {2021}
}
@article{Doxani2018,
	
	author = {Doxani, Georgia and Vermote, Eric and Roger, Jean Claude and Gascon, Ferran and Adriaensen, Stefan and Frantz, David and Hagolle, Olivier and Hollstein, Andr{\'{e}} and Kirches, Grit and Li, Fuqin and Louis, J{\'{e}}r{\^{o}}me and Mangin, Antoine and Pahlevan, Nima and Pflug, Bringfried and Vanhellemont, Quinten},
	doi = {10.3390/rs10020352},
	file = {:home/csaybar/.local/share/data/Mendeley Ltd./Mendeley Desktop/Downloaded/Doxani et al. - 2018 - Atmospheric correction inter-comparison exercise.pdf:pdf},
	isbn = {3906941884},
	issn = {20724292},
	journal = {Remote Sensing},
	keywords = {Aerosol optical thickness,Atmospheric correction,Landsat-8,Processors inter-comparison,Remote sensing,Sentinel-2,Surface reflectance,Water vapour},
	number = {2},
	pages = {1--18},
	title = {{Atmospheric correction inter-comparison exercise}},
	volume = {10},
	year = {2018}
}
@book{lynch2002cirrus,
	author = {Lynch, David K and Sassen, Kenneth and Starr, David O'C and Stephens, Graeme},
	publisher = {Oxford University Press},
	title = {{Cirrus}},
	year = {2002}
}
@article{Shendryk2019,
	
	author = {Shendryk, Yuri and Rist, Yannik and Ticehurst, Catherine and Thorburn, Peter},
	doi = {10.1016/j.isprsjprs.2019.08.018},
	file = {:home/csaybar/.local/share/data/Mendeley Ltd./Mendeley Desktop/Downloaded/Shendryk et al. - 2019 - Deep learning for multi-modal classification of cloud, shadow and land cover scenes in PlanetScope and Sentinel.pdf:pdf},
	issn = {09242716},
	journal = {ISPRS Journal of Photogrammetry and Remote Sensing},
	keywords = {CNN,Deep learning,Ensemble,Indexing,MACCS,Multi-label,Multi-modal,PlanetScope,Remote sensing,Scene classification,Sen2Cor,Sentinel-2},
	number = {September},
	pages = {124--136},
	publisher = {Elsevier},
	title = {{Deep learning for multi-modal classification of cloud, shadow and land cover scenes in PlanetScope and Sentinel-2 imagery}},
	url = {https://doi.org/10.1016/j.isprsjprs.2019.08.018},
	volume = {157},
	year = {2019}
}
@article{Meraner2020,
	
	author = {Meraner, Andrea and Ebel, Patrick and Zhu, Xiao Xiang and Schmitt, Michael},
	doi = {10.1016/j.isprsjprs.2020.05.013},
	file = {:home/csaybar/.local/share/data/Mendeley Ltd./Mendeley Desktop/Downloaded/Meraner et al. - 2020 - Cloud removal in Sentinel-2 imagery using a deep residual neural network and SAR-optical data fusion(2).pdf:pdf},
	issn = {09242716},
	journal = {ISPRS Journal of Photogrammetry and Remote Sensing},
	keywords = {Cloud removal,Data fusion,Deep learning,Optical imagery,Residual network,SAR-optical},
	number = {January},
	pages = {333--346},
	publisher = {Elsevier},
	title = {{Cloud removal in Sentinel-2 imagery using a deep residual neural network and SAR-optical data fusion}},
	url = {https://doi.org/10.1016/j.isprsjprs.2020.05.013},
	volume = {166},
	year = {2020}
}
@article{Ebel2020a,
	
	archivePrefix = {arXiv},
	arxivId = {2009.07683},
	author = {Ebel, Patrick and Meraner, Andrea and Schmitt, Michael and Zhu, Xiao Xiang},
	doi = {10.1109/tgrs.2020.3024744},
	eprint = {2009.07683},
	file = {:home/csaybar/.local/share/data/Mendeley Ltd./Mendeley Desktop/Downloaded/Ebel et al. - 2020 - Multi-sensor data fusion for cloud removal in global and all-season sentinel-2 imagery(2).pdf:pdf},
	issn = {23318422},
	journal = {arXiv},
	keywords = {Cloud Removal,Data Fusion,Deep Learning,Generative Adversarial Network,Optical Imagery,SAR-Optical},
	pages = {1--13},
	title = {{Multi-sensor data fusion for cloud removal in global and all-season sentinel-2 imagery}},
	year = {2020}
}
@article{Xia2022,
	author = {Xia, Min and Wang, Tao and Zhang, Yonghong and Liu, Jia and Xu, Yiqing and Xia, Min},
	doi = {10.1080/01431161.2020.1849852},
	file = {:home/csaybar/.local/share/data/Mendeley Ltd./Mendeley Desktop/Downloaded/Xia et al. - 2022 - Cloud shadow segmentation based on global attention feature fusion residual network for remote sensing imagery feat.pdf:pdf},
	issn = {0143-1161},
	journal = {International Journal of Remote Sensing},
	number = {6},
	pages = {2022--2045},
	publisher = {Taylor & Francis},
	title = {{Cloud / shadow segmentation based on global attention feature fusion residual network for remote sensing imagery feature fusion residual network for remote sensing imagery}},
	url = {https://doi.org/10.1080/01431161.2020.1849852},
	volume = {42},
	year = {2022}
}
@article{Mahecha2020,
	
	author = {Mahecha, Miguel D. and Gans, Fabian and Brandt, Gunnar and Christiansen, Rune and Cornell, Sarah E. and Fomferra, Normann and Kraemer, Guido and Peters, Jonas and Bodesheim, Paul and Camps-Valls, Gustau and {F. Donges}, Jonathan and Dorigo, Wouter and {M. Estupinan-Suarez}, Lina and {H. Gutierrez-Velez}, Victor and Gutwin, Martin and Jung, Martin and {C. Londo{\~{n}}o}, Maria and {G. Miralles}, Diego and Papastefanou, Phillip and Reichstein, Markus},
	doi = {10.5194/esd-11-201-2020},
	file = {:home/csaybar/.local/share/data/Mendeley Ltd./Mendeley Desktop/Downloaded/Mahecha et al. - 2020 - Earth system data cubes unravel global multivariate dynamics.pdf:pdf},
	issn = {21904987},
	journal = {Earth System Dynamics},
	number = {1},
	pages = {201--234},
	title = {{Earth system data cubes unravel global multivariate dynamics}},
	volume = {11},
	year = {2020}
}
@book{Jimenez-Del-Toro2017,
	
	author = {Jimenez-Del-Toro, Oscar and Ot{\'{a}}lora, Sebastian and Andersson, Mats and Eur{\'{e}}n, Kristian and Hedlund, Martin and Rousson, Mikael and M{\"{u}}ller, Henning and Atzori, Manfredo},
	booktitle = {Biomedical Texture Analysis: Fundamentals, Tools and Challenges},
	doi = {10.1016/B978-0-12-812133-7.00010-7},
	edition = {1},
	file = {:home/csaybar/.local/share/data/Mendeley Ltd./Mendeley Desktop/Downloaded/Jimenez-Del-Toro et al. - 2017 - Analysis of histopathology images From traditional machine learning to deep learning.pdf:pdf},
	isbn = {9780128121337},
	keywords = {Biomedical texture analysis,Deep learning,Digital pathology,Histopathology},
	pages = {281--314},
	publisher = {Elsevier Ltd},
	title = {{Analysis of histopathology images: From traditional machine learning to deep learning}},
	url = {http://dx.doi.org/10.1016/B978-0-12-812133-7.00010-7},
	year = {2017}
}
@article{Stillinger2019,
	
	author = {Stillinger, Timbo and Roberts, Dar A. and Collar, Natalie M. and Dozier, Jeff},
	doi = {10.1029/2019WR024932},
	file = {:home/csaybar/.local/share/data/Mendeley Ltd./Mendeley Desktop/Downloaded/Stillinger et al. - 2019 - Cloud Masking for Landsat 8 and MODIS Terra Over Snow-Covered Terrain Error Analysis and Spectral Similarity.pdf:pdf},
	issn = {19447973},
	journal = {Water Resources Research},
	keywords = {Landsat,MODIS,remote sensing,snow},
	number = {7},
	pages = {6169--6184},
	title = {{Cloud Masking for Landsat 8 and MODIS Terra Over Snow-Covered Terrain: Error Analysis and Spectral Similarity Between Snow and Cloud}},
	volume = {55},
	year = {2019}
}
@article{Li2020a,
	
	author = {Li, Yansheng and Chen, Wei and Zhang, Yongjun and Tao, Chao and Xiao, Rui and Tan, Yihua},
	doi = {10.1016/j.rse.2020.112045},
	file = {:home/csaybar/.local/share/data/Mendeley Ltd./Mendeley Desktop/Downloaded/Li et al. - 2020 - Accurate cloud detection in high-resolution remote sensing imagery by weakly supervised deep learning.pdf:pdf},
	issn = {00344257},
	journal = {Remote Sensing of Environment},
	keywords = {Cloud detection,Global convolutional pooling (GCP),High-resolution remote sensing (RS) imagery,Local pooling pruning (LPP),Weakly supervised deep learning},
	number = {August},
	pages = {112045},
	publisher = {Elsevier},
	title = {{Accurate cloud detection in high-resolution remote sensing imagery by weakly supervised deep learning}},
	url = {https://doi.org/10.1016/j.rse.2020.112045},
	volume = {250},
	year = {2020}
}
@article{Wang2020c,
	
	archivePrefix = {arXiv},
	arxivId = {1904.05046},
	author = {Wang, Yaqing and Yao, Quanming and Kwok, James T. and Ni, Lionel M.},
	doi = {10.1145/3386252},
	eprint = {1904.05046},
	file = {:home/csaybar/.local/share/data/Mendeley Ltd./Mendeley Desktop/Downloaded/Wang et al. - 2020 - Generalizing from a Few Examples A Survey on Few-shot Learning.pdf:pdf},
	issn = {15577341},
	journal = {ACM Computing Surveys},
	keywords = {Few-shot learning,low-shot learning,meta-learning,one-shot learning,prior knowledge,small sample learning},
	number = {3},
	pages = {1--34},
	title = {{Generalizing from a Few Examples: A Survey on Few-shot Learning}},
	volume = {53},
	year = {2020}
}
@article{Foga2017,
	
	author = {Foga, Steve and Scaramuzza, Pat L. and Guo, Song and Zhu, Zhe and Dilley, Ronald D. and Beckmann, Tim and Schmidt, Gail L. and Dwyer, John L. and {Joseph Hughes}, M. and Laue, Brady},
	doi = {10.1016/j.rse.2017.03.026},
	file = {:home/csaybar/.local/share/data/Mendeley Ltd./Mendeley Desktop/Downloaded/Foga et al. - 2017 - Cloud detection algorithm comparison and validation for operational Landsat data products.pdf:pdf},
	issn = {00344257},
	journal = {Remote Sensing of Environment},
	keywords = {Biome sampling,CFMask,Cloud detection,Cloud validation masks,Data products,Landsat},
	pages = {379--390},
	publisher = {Elsevier Inc.},
	title = {{Cloud detection algorithm comparison and validation for operational Landsat data products}},
	url = {http://dx.doi.org/10.1016/j.rse.2017.03.026},
	volume = {194},
	year = {2017}
}
@article{DAndrimont2020,
	
	author = {D'Andrimont, Rapha{\"{e}}l and Yordanov, Momchil and Martinez-Sanchez, Laura and Eiselt, Beatrice and Palmieri, Alessandra and Dominici, Paolo and Gallego, Javier and Reuter, Hannes Isaak and Joebges, Christian and Lemoine, Guido and van der Velde, Marijn},
	doi = {10.1038/s41597-020-00675-z},
	file = {:home/csaybar/.local/share/data/Mendeley Ltd./Mendeley Desktop/Downloaded/d'Andrimont et al. - 2020 - Harmonised LUCAS in-situ land cover and use database for field surveys from 2006 to 2018 in the European U.pdf:pdf},
	isbn = {4159702000675},
	issn = {20524463},
	journal = {Scientific Data},
	number = {1},
	pages = {1--15},
	pmid = {33067440},
	title = {{Harmonised LUCAS in-situ land cover and use database for field surveys from 2006 to 2018 in the European Union}},
	volume = {7},
	year = {2020}
}
@article{Hughes2020,
	
	author = {Hughes, Lloyd Haydn and Marcos, Diego and Lobry, Sylvain and Tuia, Devis and Schmitt, Michael},
	doi = {10.1016/j.isprsjprs.2020.09.012},
	file = {:home/csaybar/.local/share/data/Mendeley Ltd./Mendeley Desktop/Downloaded/Hughes et al. - 2020 - A deep learning framework for matching of SAR and optical imagery.pdf:pdf},
	issn = {09242716},
	journal = {ISPRS Journal of Photogrammetry and Remote Sensing},
	keywords = {Deep learning,Feature detection,Image registration,Multi-modal image matching,Optical imagery,Synthetic Aperture Radar (SAR)},
	number = {September},
	pages = {166--179},
	publisher = {Elsevier B.V.},
	title = {{A deep learning framework for matching of SAR and optical imagery}},
	url = {https://doi.org/10.1016/j.isprsjprs.2020.09.012},
	volume = {169},
	year = {2020}
}
@article{Giuliani2019,
	
	author = {Giuliani, Gregory and Camara, Gilberto and Killough, Brian and Minchin, Stuart},
	doi = {10.3390/data4040147},
	file = {:home/csaybar/.local/share/data/Mendeley Ltd./Mendeley Desktop/Downloaded/Giuliani et al. - 2019 - Earth observation open science enhancing reproducible science using data cubes.pdf:pdf},
	issn = {23065729},
	journal = {Data},
	keywords = {Analysis ready data,Data cube,Earth observations,Open science,Remote sensing,Reproducibility,Satellite imagery},
	number = {4},
	pages = {4--9},
	title = {{Earth observation open science: enhancing reproducible science using data cubes}},
	volume = {4},
	year = {2019}
}
@article{Buchhorn2020,
	
	author = {Buchhorn, Marcel and Smets, Bruno and Bertels, Luc and Lesiv, Myroslava and Tsendbazar, Nandin-Erdene and Masiliunas, D. and Linlin, L. and Herold, Martin and Fritz, S.},
	file = {:home/csaybar/.local/share/data/Mendeley Ltd./Mendeley Desktop/Downloaded/Buchhorn et al. - 2020 - Copernicus Global Land Service Land Cover 100m Collection 3 epoch 2015 Globe (Version V3.0.1).pdf:pdf},
	journal = {Zenodo},
	keywords = {Copernicus,Cover fractions,Global land cover mapping,Land use/cover classification,Random forest,Remote sensing,Time series analysis},
	pages = {1--14},
	title = {{Copernicus Global Land Service: Land Cover 100m: Collection 3: epoch 2015: Globe (Version V3.0.1)}},
	year = {2020}
}
@article{Wilson2016,
	
	author = {Wilson, Adam M. and Jetz, Walter},
	doi = {10.1371/journal.pbio.1002415},
	file = {:home/csaybar/.local/share/data/Mendeley Ltd./Mendeley Desktop/Downloaded/Wilson, Jetz - 2016 - Remotely Sensed High-Resolution Global Cloud Dynamics for Predicting Ecosystem and Biodiversity Distributions.pdf:pdf},
	issn = {15457885},
	journal = {PLoS Biology},
	number = {3},
	pages = {1--20},
	pmid = {27031693},
	title = {{Remotely Sensed High-Resolution Global Cloud Dynamics for Predicting Ecosystem and Biodiversity Distributions}},
	volume = {14},
	year = {2016}
}
@article{Rister2020,
	
	author = {Rister, Blaine and Yi, Darvin and Shivakumar, Kaushik and Nobashi, Tomomi and Rubin, Daniel L.},
	doi = {10.1038/s41597-020-00715-8},
	file = {:home/csaybar/.local/share/data/Mendeley Ltd./Mendeley Desktop/Downloaded/Rister et al. - 2020 - CT-ORG, a new dataset for multiple organ segmentation in computed tomography.pdf:pdf},
	issn = {20524463},
	journal = {Scientific Data},
	number = {1},
	pages = {1--9},
	pmid = {33177518},
	publisher = {Springer US},
	title = {{CT-ORG, a new dataset for multiple organ segmentation in computed tomography}},
	url = {http://dx.doi.org/10.1038/s41597-020-00715-8},
	volume = {7},
	year = {2020}
}
@article{Appel2019,
	
	author = {Appel, Marius and Pebesma, Edzer},
	doi = {10.3390/data4030092},
	file = {:home/csaybar/.local/share/data/Mendeley Ltd./Mendeley Desktop/Downloaded/Appel, Pebesma - 2019 - On-demand processing of data cubes from satellite image collections with the gdalcubes library.pdf:pdf},
	issn = {23065729},
	journal = {Data},
	keywords = {Data cubes,Earth observations,R,Satellite imagery,Sentinel-2},
	number = {3},
	title = {{On-demand processing of data cubes from satellite image collections with the gdalcubes library}},
	volume = {4},
	year = {2019}
}
@article{Zi2018,
	
	author = {Zi, Yue and Xie, Fengying and Jiang, Zhiguo},
	doi = {10.3390/rs10060877},
	file = {:home/csaybar/.local/share/data/Mendeley Ltd./Mendeley Desktop/Downloaded/Zi, Xie, Jiang - 2018 - A cloud detection method for Landsat 8 images based on PCANet.pdf:pdf},
	issn = {20724292},
	journal = {Remote Sensing},
	keywords = {Cloud detection,Conditional random field,Multispectral remote sensing,PCA network,Superpixel},
	number = {6},
	pages = {1--21},
	title = {{A cloud detection method for Landsat 8 images based on PCANet}},
	volume = {10},
	year = {2018}
}
@misc{stac,
	title = {{SpatioTemporal Asset Catalog}},
	url = {https://stacspec.org/},
	urldate = {2021-07-10},
	year = {2021}
}
@article{Giuliani2020,
	
	author = {Giuliani, Gregory and Chatenoux, Bruno and Piller, Thomas and Moser, Fr{\'{e}}d{\'{e}}ric and Lacroix, Pierre},
	doi = {10.1016/j.jag.2019.102035},
	file = {:home/csaybar/.local/share/data/Mendeley Ltd./Mendeley Desktop/Downloaded/Giuliani et al. - 2020 - Data Cube on Demand (DCoD) Generating an earth observation Data Cube anywhere in the world.pdf:pdf},
	issn = {03032434},
	journal = {International Journal of Applied Earth Observation and Geoinformation},
	keywords = {Docker,Landsat,MapX,Open Data Cube,Remote sensing,Satellite imagery,Sentinel-2},
	number = {December 2019},
	pages = {102035},
	publisher = {Elsevier},
	title = {{Data Cube on Demand (DCoD): Generating an earth observation Data Cube anywhere in the world}},
	url = {https://doi.org/10.1016/j.jag.2019.102035},
	volume = {87},
	year = {2020}
}
@article{Li2018,
	
	author = {Li, Zhiwei and Shen, Huanfeng and Wei, Yancong and Cheng, Qing and Yuan, Qiangqiang},
	doi = {10.5194/isprs-annals-IV-3-149-2018},
	file = {:home/csaybar/.local/share/data/Mendeley Ltd./Mendeley Desktop/Downloaded/Li et al. - 2018 - CLOUD DETECTION by FUSING MULTI-SCALE CONVOLUTIONAL FEATURES.pdf:pdf},
	issn = {21949050},
	journal = {ISPRS Annals of the Photogrammetry, Remote Sensing and Spatial Information Sciences},
	keywords = {Cloud detection,Convolutional feature fusion,Deep learning,MSCN,Multi-scale},
	number = {3},
	pages = {149--152},
	title = {{CLOUD DETECTION by FUSING MULTI-SCALE CONVOLUTIONAL FEATURES}},
	volume = {4},
	year = {2018}
}
@article{Zhang2018,
	
	author = {Zhang, Jinglin and Liu, Pu and Zhang, Feng and Song, Qianqian},
	doi = {10.1029/2018GL077787},
	file = {:home/csaybar/.local/share/data/Mendeley Ltd./Mendeley Desktop/Downloaded/Zhang et al. - 2018 - CloudNet Ground-Based Cloud Classification With Deep Convolutional Neural Network.pdf:pdf},
	issn = {19448007},
	journal = {Geophysical Research Letters},
	keywords = {CCSN database,CloudNet,convolutional neural networks,ground-based cloud classification},
	number = {16},
	pages = {8665--8672},
	title = {{CloudNet: Ground-Based Cloud Classification With Deep Convolutional Neural Network}},
	volume = {45},
	year = {2018}
}
@misc{iris2019,
	
	author = {Mrziglod, John},
	keywords = {flask,iris,mrziglod,segmentation},
	mendeley-tags = {flask,iris,segmentation},
	title = {{IRIS - Intelligence foR Image Segmentation}},
	year = {2019}
}
@article{Dhillon2019,
	
	archivePrefix = {arXiv},
	arxivId = {1909.02729},
	author = {Dhillon, Guneet S. and Chaudhari, Pratik and Ravichandran, Avinash and Soatto, Stefano},
	eprint = {1909.02729},
	file = {:home/csaybar/.local/share/data/Mendeley Ltd./Mendeley Desktop/Downloaded/Dhillon et al. - 2019 - A Baseline for Few-Shot Image Classification.pdf:pdf},
	pages = {1--20},
	title = {{A Baseline for Few-Shot Image Classification}},
	url = {http://arxiv.org/abs/1909.02729},
	year = {2019}
}
@article{Bauer-Marschallinger2021,
	
	author = {Bauer-Marschallinger, Bernhard and Cao, Senmao and Navacchi, Claudio and Freeman, Vahid and Reu{\ss}, Felix and Geudtner, Dirk and Rommen, Bj{\"{o}}rn and Vega, Francisco Ceba and Snoeij, Paul and Attema, Evert and Reimer, Christoph and Wagner, Wolfgang},
	doi = {10.1038/s41597-021-01059-7},
	file = {:home/csaybar/Downloads/s41597-021-01059-7.pdf:pdf},
	issn = {20524463},
	journal = {Scientific Data},
	number = {1},
	pages = {1--18},
	pmid = {34711850},
	title = {{The normalised Sentinel-1 Global Backscatter Model, mapping Earth's land surface with C-band microwaves}},
	volume = {8},
	year = {2021}
}
@article{Zhang2018a,
	
	author = {Zhang, Zhaoxiang and Iwasaki, Akira and Xu, Guodong and Song, Jianing},
	doi = {10.20944/preprints201802.0103.v1},
	file = {:home/csaybar/.local/share/data/Mendeley Ltd./Mendeley Desktop/Downloaded/Zhang et al. - 2018 - Small Satellite Cloud Detection Based On Deep Learning and Image Compression.pdf:pdf},
	journal = {Preprints},
	keywords = {cloud detection,deep learning,image compression},
	number = {February},
	pages = {1--12},
	title = {{Small Satellite Cloud Detection Based On Deep Learning and Image Compression}},
	url = {https://www.semanticscholar.org/paper/Small-Satellite-Cloud-Detection-Based-On-Deep-and-Zhang-Iwasaki/b865c6655a2c4d7f851b9a98ec213d6b4f410ff8},
	year = {2018}
}
@article{Hughes2014,
	
	author = {Hughes, M. Joseph and Hayes, Daniel J.},
	doi = {10.3390/rs6064907},
	file = {:home/csaybar/.local/share/data/Mendeley Ltd./Mendeley Desktop/Downloaded/Hughes, Hayes - 2014 - Automated detection of cloud and cloud shadow in single-date Landsat imagery using neural networks and spatial po.pdf:pdf},
	issn = {20724292},
	journal = {Remote Sensing},
	keywords = {Cloud detection,Image analysis,Landsat,Neural networks},
	number = {6},
	pages = {4907--4926},
	title = {{Automated detection of cloud and cloud shadow in single-date Landsat imagery using neural networks and spatial post-processing}},
	volume = {6},
	year = {2014}
}
@article{Bioucas-Dias2005,
	
	author = {Bioucas-Dias, Jos{\'{e}} M. and Valad{\~{a}}o, Gon{\c{c}}alo},
	doi = {10.1109/ICIP.2005.1529995},
	file = {:home/csaybar/Desktop/gal17a.pdf:pdf},
	isbn = {0780391349},
	issn = {15224880},
	journal = {Proceedings - International Conference on Image Processing, ICIP},
	pages = {77--80},
	title = {{Phase unwrapping: A new max-flow/min-cut based approach}},
	volume = {2},
	year = {2005}
}
@article{Antoniou2019,
	
	archivePrefix = {arXiv},
	arxivId = {1810.09502},
	author = {Antoniou, Antreas and Storkey, Amos and Edwards, Harrison},
	eprint = {1810.09502},
	file = {:home/csaybar/.local/share/data/Mendeley Ltd./Mendeley Desktop/Downloaded/Antoniou, Storkey, Edwards - 2019 - How to train your MAML.pdf:pdf},
	journal = {7th International Conference on Learning Representations, ICLR 2019},
	pages = {1--11},
	title = {{How to train your MAML}},
	year = {2019}
}
@article{Colleges2014,
	
	archivePrefix = {arXiv},
	arxivId = {1405.0312},
	author = {Colleges, G T U Affiliated and Academy, Oracle and Academy, Oracle and Academy, Oracle and Science, Advanced Computer and Technology, Information and Science, Advanced Computer},
	eprint = {1405.0312},
	file = {:home/csaybar/.local/share/data/Mendeley Ltd./Mendeley Desktop/Downloaded/Colleges et al. - 2014 - Microsoft COCO.pdf:pdf},
	isbn = {978-3-319-10601-4},
	issn = {16113349},
	journal = {Eccv},
	number = {June},
	pages = {740--755},
	pmid = {16190471},
	title = {{Microsoft COCO}},
	year = {2014}
}
@article{Li2020b,
	
	archivePrefix = {arXiv},
	arxivId = {2009.13364},
	author = {Li, Haifeng and Cui, Zhenqi and Zhu, Zhiqiang and Chen, Li and Zhu, Jiawei and Huang, Haozhe and Tao, Chao},
	doi = {10.1109/tgrs.2020.3027387},
	eprint = {2009.13364},
	file = {:home/csaybar/.local/share/data/Mendeley Ltd./Mendeley Desktop/Downloaded/Li et al. - 2020 - RS-MetaNet Deep Metametric Learning for Few-Shot Remote Sensing Scene Classification.pdf:pdf},
	issn = {0196-2892},
	journal = {IEEE Transactions on Geoscience and Remote Sensing},
	pages = {1--12},
	title = {{RS-MetaNet: Deep Metametric Learning for Few-Shot Remote Sensing Scene Classification}},
	year = {2020}
}
@article{Wadoux2021,
	
	author = {Wadoux, Alexandre M.J.C. and Heuvelink, Gerard B.M. and de Bruin, Sytze and Brus, Dick J.},
	doi = {10.1016/j.ecolmodel.2021.109692},
	file = {:home/csaybar/Downloads/1-s2.0-S0304380021002489-main.pdf:pdf},
	issn = {03043800},
	journal = {Ecological Modelling},
	keywords = {Above-ground biomass,Design-based,Design-unbiased,Map quality,Model performance,Model-based,Random forest,Sampling theory},
	number = {August},
	pages = {109692},
	publisher = {Elsevier B.V.},
	title = {{Spatial cross-validation is not the right way to evaluate map accuracy}},
	url = {https://doi.org/10.1016/j.ecolmodel.2021.109692},
	volume = {457},
	year = {2021}
}
@article{Li2021a,
	author = {Li, Liyuan and Li, Xiaoyan and Jiang, Linyi and Su, Xiaofeng and Chen, Fansheng},
	doi = {10.1007/s11760-021-01885-7},
	file = {:home/csaybar/.local/share/data/Mendeley Ltd./Mendeley Desktop/Downloaded/Li et al. - 2021 - A review on deep learning techniques for cloud detection methodologies and challenges.pdf:pdf},
	isbn = {0123456789},
	issn = {1863-1711},
	journal = {Signal, Image and Video Processing},
	keywords = {Remote sensing images,Cloud Detection (CD),Deep Le,cd,cloud detection,deep learning,dl,remote sensing images,semantic segmentation algorithms},
	publisher = {Springer London},
	title = {{A review on deep learning techniques for cloud detection methodologies and challenges}},
	url = {https://doi.org/10.1007/s11760-021-01885-7},
	year = {2021}
}
@article{Caesar2018,
	
	archivePrefix = {arXiv},
	arxivId = {1612.03716},
	author = {Caesar, Holger and Uijlings, Jasper and Ferrari, Vittorio},
	doi = {10.1109/CVPR.2018.00132},
	eprint = {1612.03716},
	file = {:home/csaybar/.local/share/data/Mendeley Ltd./Mendeley Desktop/Downloaded/Caesar, Uijlings, Ferrari - 2018 - COCO-Stuff Thing and Stuff Classes in Context.pdf:pdf},
	isbn = {9781538664209},
	issn = {10636919},
	journal = {Proceedings of the IEEE Computer Society Conference on Computer Vision and Pattern Recognition},
	pages = {1209--1218},
	title = {{COCO-Stuff: Thing and Stuff Classes in Context}},
	year = {2018}
}
@article{Hagolle2010,
	
	author = {Hagolle, O. and Huc, M. and Pascual, D. Villa and Dedieu, G.},
	doi = {10.1016/j.rse.2010.03.002},
	file = {:home/csaybar/.local/share/data/Mendeley Ltd./Mendeley Desktop/Downloaded/Hagolle et al. - 2010 - A multi-temporal method for cloud detection, applied to FORMOSAT-2, VEN$\mu$S, LANDSAT and SENTINEL-2 images.pdf:pdf},
	issn = {00344257},
	journal = {Remote Sensing of Environment},
	keywords = {Cloud detection,Multi-temporal,Near infrared,Short wave infrared,Time series,Visible},
	number = {8},
	pages = {1747--1755},
	publisher = {Elsevier Inc.},
	title = {{A multi-temporal method for cloud detection, applied to FORMOSAT-2, VEN$\mu$S, LANDSAT and SENTINEL-2 images}},
	url = {http://dx.doi.org/10.1016/j.rse.2010.03.002},
	volume = {114},
	year = {2010}
}
@article{Ferreira2020,
	
	author = {Ferreira, Karine R. and Queiroz, Gilberto R. and Vinhas, Lubia and Marujo, Rennan F.B. and Simoes, Rolf E.O. and Picoli, Michelle C.A. and Camara, Gilberto and Cartaxo, Ricardo and Gomes, Vitor C.F. and Santos, Lorena A. and Sanchez, Alber H. and Arcanjo, Jeferson S. and Fronza, Jos{\'{e}} Guilherme and Noronha, Carlos Alberto and Costa, Raphael W. and Zaglia, Matheus C. and Zioti, Fabiana and Korting, Thales S. and Soares, Anderson R. and Chaves, Michel E.D. and Fonseca, Leila M.G.},
	doi = {10.3390/rs12244033},
	file = {:home/csaybar/.local/share/data/Mendeley Ltd./Mendeley Desktop/Downloaded/Ferreira et al. - 2020 - Earth observation data cubes for Brazil Requirements, methodology and products.pdf:pdf},
	issn = {20724292},
	journal = {Remote Sensing},
	keywords = {Analysis-ready data,Data cubes,Image time series analysis,Land use and cover mapping,Machine learning},
	number = {24},
	pages = {1--19},
	title = {{Earth observation data cubes for Brazil: Requirements, methodology and products}},
	volume = {12},
	year = {2020}
}
@article{Howard1803,
	author = {Howard, Luke},
	doi = {10.1080/14786440308676365},
	file = {:home/csaybar/.local/share/data/Mendeley Ltd./Mendeley Desktop/Downloaded/Howard - 1803 - I. On the modifications of clouds, and on the principles of their production, suspension, and destruction being the su.pdf:pdf},
	issn = {1941-5796},
	journal = {The Philosophical Magazine},
	number = {65},
	pages = {5--11},
	title = {{ I. On the modifications of clouds, and on the principles of their production, suspension, and destruction; being the substance of an essay read before the Askesian Society in the session 1802–3 }},
	volume = {17},
	year = {1803}
}
@article{Qiu2019,
	author = {Qiu, Shi and Zhu, Zhe and He, Binbin},
	doi = {10.1016/j.rse.2019.05.024},
	file = {:home/csaybar/.local/share/data/Mendeley Ltd./Mendeley Desktop/Downloaded/Qiu, Zhu, He - 2019 - Remote Sensing of Environment Fmask 4 . 0 Improved cloud and cloud shadow detection in Landsats 4 – 8 and Senti.pdf:pdf},
	issn = {0034-4257},
	journal = {Remote Sensing of Environment},
	keywords = {Auxiliary data,Cloud,Cloud shadow,Landsat,New cloud probability,Sentinel-2,Spectral-contextual},
	number = {May},
	pages = {111205},
	publisher = {Elsevier},
	title = {{Remote Sensing of Environment Fmask 4 . 0 : Improved cloud and cloud shadow detection in Landsats 4 – 8 and Sentinel-2 imagery}},
	url = {https://doi.org/10.1016/j.rse.2019.05.024},
	volume = {231},
	year = {2019}
}
@article{Wei2020,
	
	author = {Wei, Jing and Huang, Wei and Li, Zhanqing and Sun, Lin and Zhu, Xiaolin and Yuan, Qiangqiang and Liu, Lei and Cribb, Maureen},
	doi = {10.1016/j.rse.2020.112005},
	file = {:home/csaybar/.local/share/data/Mendeley Ltd./Mendeley Desktop/Downloaded/Wei et al. - 2020 - Cloud detection for Landsat imagery by combining the random forest and superpixels extracted via energy-driven sampl.pdf:pdf},
	issn = {00344257},
	journal = {Remote Sensing of Environment},
	keywords = {Cloud detection,Landsat,RFmask,Random forest,SEEDS,Superpixel segmentation},
	number = {July},
	pages = {112005},
	publisher = {Elsevier},
	title = {{Cloud detection for Landsat imagery by combining the random forest and superpixels extracted via energy-driven sampling segmentation approaches}},
	url = {https://doi.org/10.1016/j.rse.2020.112005},
	volume = {248},
	year = {2020}
}
@article{Nguyen2019,
	
	archivePrefix = {arXiv},
	arxivId = {1909.13140},
	author = {Nguyen, Khoi and Todorovic, Sinisa},
	doi = {10.1109/ICCV.2019.00071},
	eprint = {1909.13140},
	file = {:home/csaybar/.local/share/data/Mendeley Ltd./Mendeley Desktop/Downloaded/Nguyen, Todorovic - 2019 - Feature weighting and boosting for few-shot segmentation.pdf:pdf},
	isbn = {9781728148038},
	issn = {15505499},
	journal = {Proceedings of the IEEE International Conference on Computer Vision},
	pages = {622--631},
	title = {{Feature weighting and boosting for few-shot segmentation}},
	volume = {2019-Octob},
	year = {2019}
}
@article{Bai2016,
	
	author = {Bai, Ting and Li, Deren and Sun, Kaimin and Chen, Yepei and Li, Wenzhuo},
	doi = {10.3390/rs8090715},
	file = {:home/csaybar/.local/share/data/Mendeley Ltd./Mendeley Desktop/Downloaded/Bai et al. - 2016 - Cloud detection for high-resolution satellite imagery using machine learning and multi-feature fusion.pdf:pdf},
	issn = {20724292},
	journal = {Remote Sensing},
	keywords = {Cloud detection,High-resolution,Machine learning,Multi-feature fusion},
	number = {9},
	pages = {1--21},
	title = {{Cloud detection for high-resolution satellite imagery using machine learning and multi-feature fusion}},
	volume = {8},
	year = {2016}
}
@article{Ploton2020,
	
	author = {Ploton, Pierre and Mortier, Fr{\'{e}}d{\'{e}}ric and R{\'{e}}jou-M{\'{e}}chain, Maxime and Barbier, Nicolas and Picard, Nicolas and Rossi, Vivien and Dormann, Carsten and Cornu, Guillaume and Viennois, Ga{\"{e}}lle and Bayol, Nicolas and Lyapustin, Alexei and Gourlet-Fleury, Sylvie and P{\'{e}}lissier, Rapha{\"{e}}l},
	doi = {10.1038/s41467-020-18321-y},
	file = {:home/csaybar/Downloads/s41467-020-18321-y.pdf:pdf},
	issn = {20411723},
	journal = {Nature Communications},
	number = {1},
	pages = {1--11},
	pmid = {32917875},
	publisher = {Springer US},
	title = {{Spatial validation reveals poor predictive performance of large-scale ecological mapping models}},
	url = {http://dx.doi.org/10.1038/s41467-020-18321-y},
	volume = {11},
	year = {2020}
}
@article{Figueredo:2009dg,
	author = {Figueredo, A.$\sim$J. and Wolf, P S.$\sim$A.},
	doi = {https://doi.org/10.1007/s12110-009-9068-2},
	journal = {Human Nature},
	pages = {317--330},
	title = {{Assortative pairing and life history strategy -- a cross-cultural study}},
	volume = {20},
	year = {2009}
}
@article{Singh2018,
	
	author = {Singh, Praveer and Komodakis, Nikos},
	doi = {10.1109/IGARSS.2018.8519033},
	file = {:home/csaybar/.local/share/data/Mendeley Ltd./Mendeley Desktop/Downloaded/Singh, Komodakis - 2018 - Cloud-GAN Cloud removal for sentinel-2 imagery using a cyclic consistent generative adversarial networks.pdf:pdf},
	isbn = {9781538671504},
	journal = {International Geoscience and Remote Sensing Symposium (IGARSS)},
	keywords = {Cloud removal,Deep learning,Generative adversarial networks,Sentinel-2 imagery},
	pages = {1772--1775},
	publisher = {IEEE},
	title = {{Cloud-GAN: Cloud removal for sentinel-2 imagery using a cyclic consistent generative adversarial networks}},
	volume = {2018-July},
	year = {2018}
}
@article{Roberts2017a,
	
	author = {Roberts, David R. and Bahn, Volker and Ciuti, Simone and Boyce, Mark S. and Elith, Jane and Guillera-Arroita, Gurutzeta and Hauenstein, Severin and Lahoz-Monfort, Jos{\'{e}} J. and Schr{\"{o}}der, Boris and Thuiller, Wilfried and Warton, David I. and Wintle, Brendan A. and Hartig, Florian and Dormann, Carsten F.},
	doi = {10.1111/ecog.02881},
	file = {:home/csaybar/Desktop/ecog.02881 (1).pdf:pdf},
	issn = {16000587},
	journal = {Ecography},
	number = {8},
	pages = {913--929},
	title = {{Cross-validation strategies for data with temporal, spatial, hierarchical, or phylogenetic structure}},
	volume = {40},
	year = {2017}
}
@article{Rittger2020,
	
	author = {Rittger, Karl and Raleigh, Mark S. and Dozier, Jeff and Hill, Alice F. and Lutz, James A. and Painter, Thomas H.},
	doi = {10.1029/2019WR024914},
	file = {:home/csaybar/.local/share/data/Mendeley Ltd./Mendeley Desktop/Downloaded/Rittger et al. - 2020 - Canopy Adjustment and Improved Cloud Detection for Remotely Sensed Snow Cover Mapping.pdf:pdf},
	issn = {19447973},
	journal = {Water Resources Research},
	keywords = {MODIS,SWE,canopy adjustment,cloud detection,snow cover,spectral mixture analysis},
	number = {6},
	pages = {1--20},
	title = {{Canopy Adjustment and Improved Cloud Detection for Remotely Sensed Snow Cover Mapping}},
	volume = {56},
	year = {2020}
}
@article{Hoeser2020,
	
	author = {Hoeser, Thorsten and Kuenzer, Claudia},
	doi = {10.3390/rs12101667},
	file = {:home/csaybar/.local/share/data/Mendeley Ltd./Mendeley Desktop/Downloaded/Hoeser, Kuenzer - 2020 - Object detection and image segmentation with deep learning on Earth observation data A review-part I Evolution.pdf:pdf},
	issn = {20724292},
	journal = {Remote Sensing},
	keywords = {AI,Artificial intelligence,CNN,Convolutional neural networks,Deep learning,Earth observation,Image segmentation,Machine learning,Neural networks,Object detection},
	number = {10},
	title = {{Object detection and image segmentation with deep learning on Earth observation data: A review-part I: Evolution and recent trends}},
	volume = {12},
	year = {2020}
}
@article{Gomes2020,
	
	author = {Gomes, Vitor C.F. and Queiroz, Gilberto R. and Ferreira, Karine R.},
	doi = {10.3390/RS12081253},
	file = {:home/csaybar/.local/share/data/Mendeley Ltd./Mendeley Desktop/Downloaded/Gomes, Queiroz, Ferreira - 2020 - An overview of platforms for big earth observation data management and analysis.pdf:pdf},
	issn = {20724292},
	journal = {Remote Sensing},
	keywords = {Big earth observation data,Google earth engine,JEODPP,Open data cube,PipsCloud,SEPAL,Sentinel hub},
	number = {8},
	pages = {1--25},
	title = {{An overview of platforms for big earth observation data management and analysis}},
	volume = {12},
	year = {2020}
}



@article{Daudt2019,
	
	author = {Daudt, Rodrigo Caye and Chan-Hon-Tong, Adrien and Saux, Bertrand Le and Boulch, Alexandre},
	doi = {10.1109/IGARSS.2019.8898563},
	file = {:home/csaybar/.local/share/data/Mendeley Ltd./Mendeley Desktop/Downloaded/Daudt et al. - 2019 - Learning to Understand Earth Observation Images with Weak and Unreliable Ground Truth.pdf:pdf},
	isbn = {9781538691540},
	journal = {International Geoscience and Remote Sensing Symposium (IGARSS)},
	keywords = {Earth observation,Weakly supervised learning,change detection,data poisoning,noisy data},
	pages = {5602--5605},
	title = {{Learning to Understand Earth Observation Images with Weak and Unreliable Ground Truth}},
	year = {2019}
}
@article{Mohajerani2019,
	
	archivePrefix = {arXiv},
	arxivId = {1901.10077},
	author = {Mohajerani, Sorour and Saeedi, Parvaneh},
	doi = {10.1109/IGARSS.2019.8898776},
	eprint = {1901.10077},
	file = {:home/csaybar/.local/share/data/Mendeley Ltd./Mendeley Desktop/Downloaded/Mohajerani, Saeedi - 2019 - Cloud-Net An End-To-End Cloud Detection Algorithm for Landsat 8 Imagery.pdf:pdf},
	isbn = {9781538691540},
	journal = {International Geoscience and Remote Sensing Symposium (IGARSS)},
	keywords = {Cloud detection,Landsat,image segmentation,satellite},
	pages = {1029--1032},
	title = {{Cloud-Net: An End-To-End Cloud Detection Algorithm for Landsat 8 Imagery}},
	year = {2019}
}
@article{Pekel2016,
	
	author = {Pekel, Jean Fran{\c{c}}ois and Cottam, Andrew and Gorelick, Noel and Belward, Alan S.},
	doi = {10.1038/nature20584},
	file = {:home/csaybar/Downloads/nature20584.pdf:pdf},
	issn = {14764687},
	journal = {Nature},
	number = {7633},
	pages = {418--422},
	pmid = {27926733},
	publisher = {Nature Publishing Group},
	title = {{High-resolution mapping of global surface water and its long-term changes}},
	url = {http://dx.doi.org/10.1038/nature20584},
	volume = {540},
	year = {2016}
}
@article{Castillo-Navarro2019,
	
	author = {Castillo-Navarro, J. and Audebert, N. and Boulch, A. and {Le Saux}, B. and Lefevre, S.},
	doi = {10.1109/JURSE.2019.8809071},
	file = {:home/csaybar/.local/share/data/Mendeley Ltd./Mendeley Desktop/Downloaded/Castillo-Navarro et al. - 2019 - What data are needed for semantic segmentation in earth observation.pdf:pdf},
	isbn = {9781728100098},
	journal = {2019 Joint Urban Remote Sensing Event, JURSE 2019},
	keywords = {Deep Learning,Land Use/Land Cover Mapping,Semantic Segmentation,Supervised Learning},
	title = {{What data are needed for semantic segmentation in earth observation?}},
	year = {2019}
}
@article{Nair1999,
	
	author = {Nair, Udaysankar S. and Rushing, John A. and Ramachandran, Rahul and Kuo, Kwo S. and Welch, Ronald M. and Graves, Sara J.},
	doi = {10.1117/12.363530},
	file = {:home/csaybar/.local/share/data/Mendeley Ltd./Mendeley Desktop/Downloaded/Nair et al. - 1999 - Detection of cumulus cloud fields in satellite imagery.pdf:pdf},
	issn = {0277786X},
	journal = {Earth Observing Systems IV},
	keywords = {classifier,cloud fields,cumulus clouds,maximum likelihood classifier,oblique decision tree,structural thresholding,texture features},
	pages = {345},
	title = {{Detection of cumulus cloud fields in satellite imagery}},
	volume = {3750},
	year = {1999}
}
@article{Yang2019,
	
	author = {Yang, Jingyu and Guo, Jianhua and Yue, Huanjing and Liu, Zhiheng and Hu, Haofeng and Li, Kun},
	doi = {10.1109/TGRS.2019.2904868},
	file = {:home/csaybar/.local/share/data/Mendeley Ltd./Mendeley Desktop/Downloaded/Yang et al. - 2019 - CDnet CNN-Based Cloud Detection for Remote Sensing Imagery.pdf:pdf},
	issn = {15580644},
	journal = {IEEE Transactions on Geoscience and Remote Sensing},
	keywords = {Cloud detection,cloud detection neural network (CDnet),deep convolutional neural network (DCNN),satellite imagery,thumbnails},
	number = {8},
	pages = {6195--6211},
	publisher = {IEEE},
	title = {{CDnet: CNN-Based Cloud Detection for Remote Sensing Imagery}},
	volume = {57},
	year = {2019}
}
@article{Hagolle2017,
	
	author = {Hagolle, O. and Huc, M. and Desjardins, C. and Auer, S. and Richter, R.},
	file = {:home/csaybar/.local/share/data/Mendeley Ltd./Mendeley Desktop/Downloaded/Hagolle et al. - 2017 - MAJA ATBD Algorithm Theoretical Basis Document.pdf:pdf},
	journal = {MAJA-TN-WP2-030 V1.0 2017/Dec/07},
	number = {18639},
	pages = {0--39},
	title = {{MAJA ATBD Algorithm Theoretical Basis Document}},
	url = {http://www.cesbio.ups-tlse.fr/multitemp/?p=12432},
	year = {2017}
}
@article{Ghasemian2018,
	
	author = {Ghasemian, Nafiseh and Akhoondzadeh, Mehdi},
	doi = {10.1016/j.asr.2018.04.030},
	file = {:home/csaybar/.local/share/data/Mendeley Ltd./Mendeley Desktop/Downloaded/Ghasemian, Akhoondzadeh - 2018 - Introducing two Random Forest based methods for cloud detection in remote sensing images.pdf:pdf},
	issn = {18791948},
	journal = {Advances in Space Research},
	keywords = {Cloud detection,Decision Level Fusion Random Forest,Feature Level Fusion Random Forest,Remote sensing imagery},
	number = {2},
	pages = {288--303},
	publisher = {COSPAR},
	title = {{Introducing two Random Forest based methods for cloud detection in remote sensing images}},
	url = {https://doi.org/10.1016/j.asr.2018.04.030},
	volume = {62},
	year = {2018}
}
@article{Jeppesen2019a,
	
	author = {Jeppesen, Jacob H{\o}xbroe and Jacobsen, Rune Hylsberg and Inceoglu, Fadil and Toftegaard, Thomas Skj{\o}deberg},
	doi = {10.1016/j.rse.2019.03.039},
	file = {:home/csaybar/.local/share/data/Mendeley Ltd./Mendeley Desktop/Downloaded/Jeppesen et al. - 2019 - A cloud detection algorithm for satellite imagery based on deep learning(3).pdf:pdf},
	issn = {00344257},
	journal = {Remote Sensing of Environment},
	keywords = {Cloud detection,Deep learning,Open data,Optical satellite imagery},
	number = {March},
	pages = {247--259},
	publisher = {Elsevier},
	title = {{A cloud detection algorithm for satellite imagery based on deep learning}},
	url = {https://doi.org/10.1016/j.rse.2019.03.039},
	volume = {229},
	year = {2019}
}
@article{Wang2020,
	
	author = {Wang, Sherrie and Chen, William and Xie, Sang Michael and Azzari, George and Lobell, David B.},
	doi = {10.3390/rs12020207},
	file = {:home/csaybar/.local/share/data/Mendeley Ltd./Mendeley Desktop/Downloaded/Wang et al. - 2020 - Weakly supervised deep learning for segmentation of remote sensing imagery.pdf:pdf},
	issn = {20724292},
	journal = {Remote Sensing},
	keywords = {Agriculture,Deep learning,Image segmentation,Land cover classification,Landsat,Weak supervision},
	number = {2},
	pages = {1--25},
	title = {{Weakly supervised deep learning for segmentation of remote sensing imagery}},
	volume = {12},
	year = {2020}
}
@article{CayeDaudt2019,
	
	author = {{Caye Daudt}, Rodrigo and {Le Saux}, Bertrand and Boulch, Alexandre and Gousseau, Yann},
	doi = {10.1016/j.cviu.2019.07.003},
	file = {:home/csaybar/.local/share/data/Mendeley Ltd./Mendeley Desktop/Downloaded/Caye Daudt et al. - 2019 - Multitask learning for large-scale semantic change detection.pdf:pdf},
	issn = {1090235X},
	journal = {Computer Vision and Image Understanding},
	keywords = {Fully convolutional networks,High resolution Earth observation,Multitask learning,Remote sensing,Semantic change detection},
	number = {October 2018},
	pages = {102783},
	publisher = {Elsevier Inc.},
	title = {{Multitask learning for large-scale semantic change detection}},
	url = {https://doi.org/10.1016/j.cviu.2019.07.003},
	volume = {187},
	year = {2019}
}
@article{Domnich2021,
	
	author = {Domnich, Marharyta and S{\"{u}}nter, Indrek and Trofimov, Heido and Wold, Olga and Harun, Fariha and Kostiukhin, Anton and J{\"{a}}rveoja, Mihkel and Veske, Mihkel and Tamm, Tanel and Voormansik, Kaupo and Olesk, Aire and Boccia, Valentina and Longepe, Nicolas and Cadau, Enrico Giuseppe},
	doi = {10.3390/rs13204100},
	file = {:home/csaybar/Downloads/remotesensing-13-04100-v2 (3).pdf:pdf},
	issn = {20724292},
	journal = {Remote Sensing},
	keywords = {Active learning,Cloud mask,Convolutional neural network,Image segmentation,KappaMask,Remote sensing,Sentinel-2},
	number = {20},
	title = {{KappaMask: Ai-based cloudmask processor for sentinel-2}},
	volume = {13},
	year = {2021}
}
@article{Melchiorre2020,
	
	author = {Melchiorre, Andrea and Boschetti, Luigi and Roy, David P.},
	doi = {10.3390/rs12020202},
	file = {:home/csaybar/.local/share/data/Mendeley Ltd./Mendeley Desktop/Downloaded/Melchiorre, Boschetti, Roy - 2020 - Global evaluation of the suitability of MODIS-Terra detected cloud cover as a proxy for Landsat 7 cl.pdf:pdf},
	isbn = {1208885650},
	issn = {20724292},
	journal = {Remote Sensing},
	keywords = {Cloud cover,Landsat,MODIS},
	number = {2},
	pages = {1--16},
	title = {{Global evaluation of the suitability of MODIS-Terra detected cloud cover as a proxy for Landsat 7 cloud conditions}},
	volume = {12},
	year = {2020}
}
@article{Yuan2015,
	
	author = {Yuan, Yi and Hu, Xiangyun},
	doi = {10.1109/JSTARS.2015.2431676},
	file = {:home/csaybar/.local/share/data/Mendeley Ltd./Mendeley Desktop/Downloaded/Yuan, Hu - 2015 - Bag-of-Words and Object-Based Classification for Cloud Extraction from Satellite Imagery.pdf:pdf},
	issn = {21511535},
	journal = {IEEE Journal of Selected Topics in Applied Earth Observations and Remote Sensing},
	keywords = {Bag of words (BOW),cloud detection,satellite images,scale-invariant feature transform (SIFT),support vector machines (SVMs),visual words},
	number = {8},
	pages = {4197--4205},
	publisher = {IEEE},
	title = {{Bag-of-Words and Object-Based Classification for Cloud Extraction from Satellite Imagery}},
	volume = {8},
	year = {2015}
}
@article{Soille2018,
	
	author = {Soille, P. and Burger, A. and {De Marchi}, D. and Kempeneers, P. and Rodriguez, D. and Syrris, V. and Vasilev, V.},
	doi = {10.1016/j.future.2017.11.007},
	file = {:home/csaybar/.local/share/data/Mendeley Ltd./Mendeley Desktop/Downloaded/Soille et al. - 2018 - A versatile data-intensive computing platform for information retrieval from big geospatial data.pdf:pdf},
	issn = {0167739X},
	journal = {Future Generation Computer Systems},
	pages = {30--40},
	publisher = {Elsevier B.V.},
	title = {{A versatile data-intensive computing platform for information retrieval from big geospatial data}},
	url = {https://doi.org/10.1016/j.future.2017.11.007},
	volume = {81},
	year = {2018}
}
@article{Foga2017a,
	
	author = {Foga, Steve and Scaramuzza, Pat L. and Guo, Song and Zhu, Zhe and Dilley, Ronald D. and Beckmann, Tim and Schmidt, Gail L. and Dwyer, John L. and {Joseph Hughes}, M. and Laue, Brady},
	doi = {10.1016/j.rse.2017.03.026},
	file = {:home/csaybar/.local/share/data/Mendeley Ltd./Mendeley Desktop/Downloaded/Foga et al. - 2017 - Cloud detection algorithm comparison and validation for operational Landsat data products(2).pdf:pdf},
	issn = {00344257},
	journal = {Remote Sensing of Environment},
	keywords = {Biome sampling,CFMask,Cloud detection,Cloud validation masks,Data products,Landsat},
	pages = {379--390},
	publisher = {Elsevier Inc.},
	title = {{Cloud detection algorithm comparison and validation for operational Landsat data products}},
	url = {http://dx.doi.org/10.1016/j.rse.2017.03.026},
	volume = {194},
	year = {2017}
}
@article{Dinerstein2017,
	
	author = {Dinerstein, Eric and Olson, David and Joshi, Anup and Vynne, Carly and Burgess, Neil D. and Wikramanayake, Eric and Hahn, Nathan and Palminteri, Suzanne and Hedao, Prashant and Noss, Reed and Hansen, Matt and Locke, Harvey and Ellis, Erle C. and Jones, Benjamin and Barber, Charles Victor and Hayes, Randy and Kormos, Cyril and Martin, Vance and Crist, Eileen and Sechrest, Wes and Price, Lori and Baillie, Jonathan E.M. and Weeden, Don and Suckling, Kier{\'{a}}n and Davis, Crystal and Sizer, Nigel and Moore, Rebecca and Thau, David and Birch, Tanya and Potapov, Peter and Turubanova, Svetlana and Tyukavina, Alexandra and {De Souza}, Nadia and Pintea, Lilian and Brito, Joscrossed C. and Llewellyn, Othman A. and Miller, Anthony G. and Patzelt, Annette and Ghazanfar, Shahina A. and Timberlake, Jonathan and Kl{\"{o}}ser, Heinz and Shennan-Farp{\'{o}}n, Yara and Kindt, Roeland and Lilles{\o}, Jens Peter Barnekow and {Van Breugel}, Paulo and Graudal, Lars and Voge, Maianna and Al-Shammari, Khalaf F. and Saleem, Muhammad},
	doi = {10.1093/biosci/bix014},
	file = {:home/csaybar/.local/share/data/Mendeley Ltd./Mendeley Desktop/Downloaded/Dinerstein et al. - 2017 - An Ecoregion-Based Approach to Protecting Half the Terrestrial Realm.pdf:pdf},
	issn = {15253244},
	journal = {BioScience},
	keywords = {Aichi target 11,Ecoregions,Global biodiversity conservation strategies,Nature Needs Half,Protected areas},
	number = {6},
	pages = {534--545},
	title = {{An Ecoregion-Based Approach to Protecting Half the Terrestrial Realm}},
	volume = {67},
	year = {2017}
}
@article{Stewart2021,
	
	archivePrefix = {arXiv},
	arxivId = {2111.08872},
	author = {Stewart, Adam J. and Robinson, Caleb and Corley, Isaac A. and Ortiz, Anthony and Ferres, Juan M. Lavista and Banerjee, Arindam},
	eprint = {2111.08872},
	file = {:home/csaybar/Downloads/2111.08872.pdf:pdf},
	number = {Ml},
	pages = {1--16},
	title = {{TorchGeo: deep learning with geospatial data}},
	url = {http://arxiv.org/abs/2111.08872},
	year = {2021}
}
@article{s2cloudless,
	author = {Zupanc, Anze},
	title = {{Improving Cloud Detection with Machine Learning}},
	url = {https://medium.com/sentinel-hub/improving-cloud-detection-with-machine-learning-c09dc5d7cf13 (accessed on 01July 2021)},
	year = {2017}
}
@article{Chavez2017,
	
	author = {Chavez, Steven P. and Takahashi, Ken},
	doi = {10.1002/2016JD026282},
	file = {:home/csaybar/.local/share/data/Mendeley Ltd./Mendeley Desktop/Downloaded/Chavez, Takahashi - 2017 - Orographic rainfall hot spots in the Andes-Amazon transition according to the TRMM precipitation radar and in.pdf:pdf},
	issn = {21562202},
	journal = {Journal of Geophysical Research},
	number = {11},
	pages = {5870--5882},
	title = {{Orographic rainfall hot spots in the Andes-Amazon transition according to the TRMM precipitation radar and in situ data}},
	volume = {122},
	year = {2017}
}
@misc{Hao:gidmaps:2014,
	author = {Hao, Z and AghaKouchak, A and Nakhjiri, N and Farahmand, A},
	howpublished = {\emph{figshare} \url{https://doi.org/10.6084/m9.figshare.853801}},
	title = {{Global integrated drought monitoring and prediction system ({GIDMaPS}) data sets}},
	year = {2014}
}
@article{Karra2021,
	
	author = {Karra, Krishna and Kontgis, Caitlin and Statman-Weil, Zoe and Mazzariello, Joseph C. and Mathis, Mark and Brumby, Steven P.},
	doi = {10.1109/igarss47720.2021.9553499},
	file = {:home/csaybar/Downloads/Global_land_use___land_cover_with_Sentinel_2_and_deep_learning.pdf:pdf},
	isbn = {9781665403696},
	pages = {4704--4707},
	publisher = {IEEE},
	title = {{Global land use / land cover with Sentinel 2 and deep learning}},
	year = {2021}
}
@article{Tseng2021,
	
	author = {Tseng, Gabriel and Zvonkov, Ivan and Nakalembe, Catherine and Kerner, Hannah},
	file = {:home/csaybar/Downloads/cropharvest_a_global_dataset_f (1).pdf:pdf},
	number = {NeurIPS},
	pages = {1--14},
	title = {{CropHarvest: a global satellite dataset for crop type classification}},
	url = {https://github.com/nasaharvest/cropharvest},
	year = {2021}
}
@article{Gao2017,
	
	author = {Gao, Bo Cai and Li, Rong Rong},
	doi = {10.3390/rs9080834},
	file = {:home/csaybar/.local/share/data/Mendeley Ltd./Mendeley Desktop/Downloaded/Gao, Li - 2017 - Removal of thin cirrus scattering effects in landsat 8 OLI images using the cirrus detecting channel.pdf:pdf},
	issn = {20724292},
	journal = {Remote Sensing},
	keywords = {Cirrus correction,Cloud,Landsat 8,Remote sensing},
	number = {8},
	pages = {1--10},
	title = {{Removal of thin cirrus scattering effects in landsat 8 OLI images using the cirrus detecting channel}},
	volume = {9},
	year = {2017}
}
@article{Hong2020,
	
	archivePrefix = {arXiv},
	arxivId = {2006.13806},
	author = {Hong, Danfeng and Yokoya, Naoto and Xia, Gui Song and Chanussot, Jocelyn and Zhu, Xiao Xiang},
	doi = {10.1016/j.isprsjprs.2020.06.014},
	eprint = {2006.13806},
	file = {:home/csaybar/.local/share/data/Mendeley Ltd./Mendeley Desktop/Downloaded/Hong et al. - 2020 - X-ModalNet A semi-supervised deep cross-modal network for classification of remote sensing data.pdf:pdf},
	issn = {09242716},
	journal = {ISPRS Journal of Photogrammetry and Remote Sensing},
	keywords = {Adversarial,Cross-modality,Deep learning,Deep neural network,Fusion,Hyperspectral,Label propagation,Multispectral,Mutual learning,Remote sensing,Semi-supervised,Synthetic aperture radar},
	number = {June},
	pages = {12--23},
	publisher = {Elsevier},
	title = {{X-ModalNet: A semi-supervised deep cross-modal network for classification of remote sensing data}},
	url = {https://doi.org/10.1016/j.isprsjprs.2020.06.014},
	volume = {167},
	year = {2020}
}
@article{Zekoll2021,
	
	author = {Zekoll, Viktoria and Main-Knorn, Magdalena and Louis, Jerome and Frantz, David and Richter, Rudolf and Pflug, Bringfried},
	doi = {10.3390/rs13010137},
	file = {:home/csaybar/.local/share/data/Mendeley Ltd./Mendeley Desktop/Downloaded/Zekoll et al. - 2021 - Comparison of masking algorithms for sentinel-2 imagery.pdf:pdf},
	issn = {20724292},
	journal = {Remote Sensing},
	keywords = {ATCOR,Fmask,Masking,Sen2Cor,Sentinel-2},
	number = {1},
	pages = {1--21},
	title = {{Comparison of masking algorithms for sentinel-2 imagery}},
	volume = {13},
	year = {2021}
}
@article{Cordts2016,
	
	archivePrefix = {arXiv},
	arxivId = {1604.01685},
	author = {Cordts, Marius and Omran, Mohamed and Ramos, Sebastian and Rehfeld, Timo and Enzweiler, Markus and Benenson, Rodrigo and Franke, Uwe and Roth, Stefan and Schiele, Bernt},
	doi = {10.1109/CVPR.2016.350},
	eprint = {1604.01685},
	file = {:home/csaybar/.local/share/data/Mendeley Ltd./Mendeley Desktop/Downloaded/Cordts et al. - 2016 - The Cityscapes Dataset for Semantic Urban Scene Understanding.pdf:pdf},
	isbn = {9781467388504},
	issn = {10636919},
	journal = {Proceedings of the IEEE Computer Society Conference on Computer Vision and Pattern Recognition},
	pages = {3213--3223},
	title = {{The Cityscapes Dataset for Semantic Urban Scene Understanding}},
	volume = {2016-Decem},
	year = {2016}
}
@article{chen2017,
	
	author = {Chen, Bin and Huang, Bo and Chen, Lifan and Xu, Bing},
	doi = {10.1109/TGRS.2016.2580576},
	file = {:home/csaybar/.local/share/data/Mendeley Ltd./Mendeley Desktop/Downloaded/Chen et al. - 2017 - Spatially and Temporally Weighted Regression A Novel Method to Produce Continuous Cloud-Free Landsat Imagery.pdf:pdf},
	issn = {01962892},
	journal = {IEEE Transactions on Geoscience and Remote Sensing},
	keywords = {Cloud removal,Spatially and temporally weighted regression (STWR,continuous cloud-free Landsat images,invariant similar pixels},
	number = {1},
	pages = {27--37},
	title = {{Spatially and Temporally Weighted Regression: A Novel Method to Produce Continuous Cloud-Free Landsat Imagery}},
	volume = {55},
	year = {2017}
}
@article{You2021,
	
	author = {You, Nanshan and Dong, Jinwei and Huang, Jianxi and Du, Guoming and Zhang, Geli and He, Yingli and Yang, Tong and Di, Yuanyuan and Xiao, Xiangming},
	doi = {10.1038/s41597-021-00827-9},
	file = {:home/csaybar/.local/share/data/Mendeley Ltd./Mendeley Desktop/Downloaded/You et al. - 2021 - The 10-m crop type maps in Northeast China during 2017–2019.pdf:pdf},
	issn = {20524463},
	journal = {Scientific Data},
	number = {1},
	pages = {1--11},
	title = {{The 10-m crop type maps in Northeast China during 2017–2019}},
	volume = {8},
	year = {2021}
}
@article{Borji,
	author = {Borji, Ali},
	file = {:home/csaybar/.local/share/data/Mendeley Ltd./Mendeley Desktop/Downloaded/Borji - Unknown - iLab-20M A large-scale controlled object dataset to investigate deep learning.pdf:pdf},
	title = {{iLab-20M: A large-scale controlled object dataset to investigate deep learning}}
}
@article{Castillo-Navarro2020,
	
	archivePrefix = {arXiv},
	arxivId = {2010.07830},
	author = {Castillo-Navarro, Javiera and Saux, Bertrand Le and Boulch, Alexandre and Audebert, Nicolas and Lef{\`{e}}vre, S{\'{e}}bastien},
	eprint = {2010.07830},
	file = {:home/csaybar/.local/share/data/Mendeley Ltd./Mendeley Desktop/Downloaded/Castillo-Navarro et al. - 2020 - Semi-Supervised Semantic Segmentation in Earth Observation The MiniFrance Suite, Dataset Analysis and M.pdf:pdf},
	title = {{Semi-Supervised Semantic Segmentation in Earth Observation: The MiniFrance Suite, Dataset Analysis and Multi-task Network Study}},
	url = {http://arxiv.org/abs/2010.07830},
	year = {2020}
}
@article{Zhu2012,
	
	author = {Zhu, Zhe and Woodcock, Curtis E.},
	doi = {10.1016/j.rse.2011.10.028},
	file = {:home/csaybar/.local/share/data/Mendeley Ltd./Mendeley Desktop/Downloaded/Zhu, Woodcock - 2012 - Object-based cloud and cloud shadow detection in Landsat imagery.pdf:pdf},
	issn = {00344257},
	journal = {Remote Sensing of Environment},
	keywords = {Cloud,Cloud shadow,Detection,Fmask,Landsat,Object-based},
	pages = {83--94},
	publisher = {Elsevier Inc.},
	title = {{Object-based cloud and cloud shadow detection in Landsat imagery}},
	url = {http://dx.doi.org/10.1016/j.rse.2011.10.028},
	volume = {118},
	year = {2012}
}
@article{Vali2020,
	
	author = {Vali, Ava and Comai, Sara and Matteucci, Matteo},
	doi = {10.3390/RS12152495},
	file = {:home/csaybar/.local/share/data/Mendeley Ltd./Mendeley Desktop/Downloaded/Vali, Comai, Matteucci - 2020 - Deep learning for land use and land cover classification based on hyperspectral and multispectral earth.pdf:pdf},
	issn = {20724292},
	journal = {Remote Sensing},
	keywords = {Convolutional neural networks,Data fusion,Deep Learning,End-to-end learning,Feature engineering,Ground-truth scarcity,Hyperspectral data,LULC classification,Machine learning,Multispectral data,Remote sensing data},
	number = {15},
	title = {{Deep learning for land use and land cover classification based on hyperspectral and multispectral earth observation data: A review}},
	volume = {12},
	year = {2020}
}
@article{Yuan2018,
	
	author = {Yuan, Jiangye and {Roy Chowdhury}, Pranab K. and McKee, Jacob and Yang, Hsiuhan Lexie and Weaver, Jeanette and Bhaduri, Budhendra},
	doi = {10.1038/sdata.2018.217},
	file = {:home/csaybar/.local/share/data/Mendeley Ltd./Mendeley Desktop/Downloaded/Yuan et al. - 2018 - Exploiting deep learning and volunteered geographic information for mapping buildings in Kano, Nigeria.pdf:pdf},
	issn = {20524463},
	journal = {Scientific Data},
	pages = {1--8},
	pmid = {30351298},
	publisher = {The Author(s)},
	title = {{Exploiting deep learning and volunteered geographic information for mapping buildings in Kano, Nigeria}},
	volume = {5},
	year = {2018}
}
@article{Chen2020,
	
	archivePrefix = {arXiv},
	arxivId = {2003.04390},
	author = {Chen, Yinbo and Wang, Xiaolong and Liu, Zhuang and Xu, Huijuan and Darrell, Trevor},
	eprint = {2003.04390},
	file = {:home/csaybar/.local/share/data/Mendeley Ltd./Mendeley Desktop/Downloaded/Chen et al. - 2020 - A New Meta-Baseline for Few-Shot Learning.pdf:pdf},
	title = {{A New Meta-Baseline for Few-Shot Learning}},
	url = {http://arxiv.org/abs/2003.04390},
	year = {2020}
}
@dataset{francis_alistair_2020_4172871,
	author = {Francis, Alistair and Mrziglod, John and Sidiropoulos, Panagiotis and Muller, Jan-Peter},
	doi = {10.5281/zenodo.4172871},
	month = {nov},
	publisher = {Zenodo},
	title = {{Sentinel-2 Cloud Mask Catalogue}},
	url = {https://doi.org/10.5281/zenodo.4172871},
	year = {2020}
}
@article{Stojnic2021,
	
	archivePrefix = {arXiv},
	arxivId = {2104.07070},
	author = {Stojnic, Vladan and Risojevic, Vladimir},
	doi = {10.1109/CVPRW53098.2021.00129},
	eprint = {2104.07070},
	file = {:home/csaybar/Downloads/2104.07070.pdf:pdf},
	isbn = {9781665448994},
	issn = {21607516},
	journal = {IEEE Computer Society Conference on Computer Vision and Pattern Recognition Workshops},
	pages = {1182--1191},
	title = {{Self-supervised learning of remote sensing scene representations using contrastive multiview coding}},
	year = {2021}
}
@article{Pebesma2018,
	
	author = {Pebesma, Edzer},
	doi = {10.32614/rj-2018-009},
	file = {:home/csaybar/Downloads/RJwrapper.pdf:pdf},
	issn = {20734859},
	journal = {R Journal},
	number = {1},
	pages = {439--446},
	title = {{Simple features for R: Standardized support for spatial vector data}},
	volume = {10},
	year = {2018}
}
@article{Aybar2020,
	
	author = {Aybar, Cesar and Wu, Qiusheng and Bautista, Lesly and Yali, Roy and Barja, Antony},
	doi = {10.21105/joss.02272},
	file = {:home/csaybar/Downloads/10.21105.joss.02272.pdf:pdf},
	issn = {2475-9066},
	journal = {Journal of Open Source Software},
	number = {51},
	pages = {2272},
	title = {{rgee: An R package for interacting with Google Earth Engine}},
	volume = {5},
	year = {2020}
}
@article{hijmans2015package,
	title={Package ‘raster’},
	author={Hijmans, Robert J and Van Etten, Jacob and Cheng, Joe and Mattiuzzi, Matteo and Sumner, Michael and Greenberg, Jonathan A and Lamigueiro, Oscar Perpinan and Bevan, Andrew and Racine, Etienne B and Shortridge, Ashton and others},
	journal={R package},
	volume={734},
	year={2015}
}

@article{Mateo-Garcia2021,
	title = {Towards global flood mapping onboard low cost satellites with machine learning},
	volume = {11},
	copyright = {2021 The Author(s)},
	issn = {2045-2322},
	doi = {10.1038/s41598-021-86650-z},
	language = {en},
	number = {1},
	journal = {Scientific Reports},
	author = {Mateo-Garcia, Gonzalo and Veitch-Michaelis, Joshua and Smith, Lewis and Oprea, Silviu Vlad and Schumann, Guy and Gal, Yarin and Baydin, Atılım Güneş and Backes, Dietmar},
	month = mar,
	year = {2021},
	pages = {7249},
}

@misc{CMIX,
	title = {{CEOS-WGCV ACIX II CMIX Atmospheric Correction Inter-comparison Exercise Cloud Masking Inter-comparison Exercise 2nd workshop}},
	author = {{European Space Agency}},
	howpublished ={\url{https://earth.esa.int/eogateway/events/ceos-wgcv-acix-ii-cmix-atmospheric-correction-inter-comparison-exercise-cloud-masking-inter-comparison-exercise-2nd-workshop}},
	note = {Online; accessed 14 October 2021} ,
	year=2019,
}


@article{pebesma2020stars,
	title={stars: Spatiotemporal arrays, raster and vector data cubes},
	author={Pebesma, Edzer},
	journal={R package version 0.4--1 ed2020 https://CRAN. R-project. org/package= stars},
	year={2020}
}
@article{harris2020array,
	title={Array programming with NumPy},
	author={Harris, Charles R and Millman, K Jarrod and Van Der Walt, St{\'e}fan J and Gommers, Ralf and Virtanen, Pauli and Cournapeau, David and Wieser, Eric and Taylor, Julian and Berg, Sebastian and Smith, Nathaniel J and others},
	journal={Nature},
	volume={585},
	number={7825},
	pages={357--362},
	year={2020},
	publisher={Nature Publishing Group}
}
@article{wickham2011ggplot2,
	title={ggplot2},
	author={Wickham, Hadley},
	journal={Wiley interdisciplinary reviews: computational statistics},
	volume={3},
	number={2},
	pages={180--185},
	year={2011},
	publisher={Wiley Online Library}
}
@article{grolemund2011dates,
	title={Dates and times made easy with lubridate},
	author={Grolemund, Garrett and Wickham, Hadley},
	journal={Journal of statistical software},
	volume={40},
	pages={1--25},
	year={2011}
}
@article{ushey2020reticulate,
	title={reticulate: Interface to Python},
	author={Ushey, Kevin and Allaire, JJ and Tang, Yuan and Eddelbuettel, Dirk and Lewis, Bryan and Keydana, S and Hafen, R and Geelnard, M},
	journal={R package version},
	volume={1},
	pages={16},
	year={2020}
}
@article{wickham2014dplyr,
	title={Dplyr: A fast, consistent tool for working with data frame like objects, both in memory and out of memory},
	author={Wickham, H and Francios, R and Henry, L and Muller, K},
	journal={R package version 0.7},
	volume={6},
	year={2014}
}
@article{tennekes2018tmap,
	title={tmap: Thematic Maps in R},
	author={Tennekes, Martijn},
	journal={Journal of Statistical Software},
	volume={84},
	pages={1--39},
	year={2018}
}
@article{ooms2020magick,
	title={magick: Advanced graphics and image-processing in R},
	author={Ooms, Jeroen},
	journal={R package version},
	volume={2},
	number={1},
	year={2020}
}
@article{bivand2017package,
	title={Package ‘rgeos’},
	author={Bivand, Roger and Rundel, Colin and Pebesma, Edzer and Stuetz, Rainer and Hufthammer, Karl Ove and Bivand, Maintainer Roger},
	journal={The Comprehensive R Archive Network (CRAN)},
	year={2017}
}